<?xml version="1.0" encoding="UTF-8"?>
<!DOCTYPE html PUBLIC "-//W3C//DTD XHTML 1.0 Transitional//EN"
    "http://www.w3.org/TR/xhtml1/DTD/xhtml1-transitional.dtd">
<html xmlns="http://www.w3.org/1999/xhtml" xml:lang="en" lang="en">
 <head>
  <title>
</title>
<meta http-equiv="Content-Type" content="text/html;charset=utf-8" />
  <meta name='ocr-system' content='tesseract 3.04.00' />
  <meta name='ocr-capabilities' content='ocr_page ocr_carea ocr_par ocr_line ocrx_word'/>
</head>
<body>
  <div class='ocr_page' id='page_1' title='image "./milesgloriosusre00plauuoft_0071.png"; bbox 0 0 1465 2361; ppageno 0'>
   <div class='ocr_carea' id='block_1_1' title="bbox 388 510 920 554">
    <p class='ocr_par' dir='ltr' id='par_1_1' title="bbox 388 510 920 554">
     <span class='ocr_line' id='line_1_1' title="bbox 388 510 920 554; baseline 0.004 -2"><span class='ocrx_word' id='word_1_1' title='bbox 388 510 852 553; x_wconf 87' lang='lat' dir='ltr'>ARGVMENTVM</span> <span class='ocrx_word' id='word_1_2' title='bbox 884 513 920 554; x_wconf 94' lang='grc' dir='ltr'>Ι.</span> 
     </span>
    </p>
   </div>
   <div class='ocr_carea' id='block_1_2' title="bbox 67 633 1105 1539">
    <p class='ocr_par' dir='ltr' id='par_1_2' title="bbox 67 633 1040 823">
     <span class='ocr_line' id='line_1_2' title="bbox 67 633 1040 693; baseline 0.002 -13"><span class='ocrx_word' id='word_1_3' title='bbox 67 641 322 680; x_wconf 72' lang='lat' dir='ltr'><strong>Meretricem</strong></span> <span class='ocrx_word' id='word_1_4' title='bbox 341 642 511 681; x_wconf 81' lang='lat' dir='ltr'><strong>Athenis</strong></span> <span class='ocrx_word' id='word_1_5' title='bbox 531 633 737 693; x_wconf 73' lang='lat' dir='ltr'>Ephesum</span> <span class='ocrx_word' id='word_1_6' title='bbox 758 645 873 682; x_wconf 89' lang='lat' dir='ltr'>miles</span> <span class='ocrx_word' id='word_1_7' title='bbox 893 643 1040 683; x_wconf 54' lang='lat' dir='ltr'>euehit.</span> 
     </span>
     <span class='ocr_line' id='line_1_3' title="bbox 67 707 952 748; baseline 0.003 -3"><span class='ocrx_word' id='word_1_8' title='bbox 67 709 116 746; x_wconf 94' lang='lat' dir='ltr'>Id</span> <span class='ocrx_word' id='word_1_9' title='bbox 137 707 230 745; x_wconf 80' lang='lat' dir='ltr'>d1&#39;1m</span> <span class='ocrx_word' id='word_1_10' title='bbox 251 720 318 746; x_wconf 90' lang='lat' dir='ltr'>ero</span> <span class='ocrx_word' id='word_1_11' title='bbox 338 710 488 747; x_wconf 83' lang='lat' dir='ltr'>amanti</span> <span class='ocrx_word' id='word_1_12' title='bbox 509 711 645 748; x_wconf 82' lang='lat' dir='ltr'>seruos</span> <span class='ocrx_word' id='word_1_13' title='bbox 665 709 848 748; x_wconf 52' lang='lat' dir='ltr'>nuntiare</span> <span class='ocrx_word' id='word_1_14' title='bbox 867 711 952 748; x_wconf 91' lang='lat' dir='ltr'>uolt</span> 
     </span>
     <span class='ocr_line' id='line_1_4' title="bbox 67 773 909 823; baseline 0 -11"><span class='ocrx_word' id='word_1_15' title='bbox 67 773 221 823; x_wconf 58' lang='lat' dir='ltr'>Legdto</span> <span class='ocrx_word' id='word_1_16' title='bbox 241 786 419 823; x_wconf 82' lang='lat' dir='ltr'>peregre,</span> <span class='ocrx_word' id='word_1_17' title='bbox 443 774 553 823; x_wconf 87' lang='lat' dir='ltr'>ipsus</span> <span class='ocrx_word' id='word_1_18' title='bbox 574 781 731 823; x_wconf 85' lang='lat' dir='ltr'>captust</span> <span class='ocrx_word' id='word_1_19' title='bbox 750 775 792 812; x_wconf 82' lang='lat' dir='ltr'>in</span> <span class='ocrx_word' id='word_1_20' title='bbox 811 776 909 813; x_wconf 82' lang='lat' dir='ltr'>mari</span> 
     </span>
    </p>

    <p class='ocr_par' dir='ltr' id='par_1_3' title="bbox 67 839 778 878">
     <span class='ocr_line' id='line_1_5' title="bbox 67 839 778 878; baseline 0 -2"><span class='ocrx_word' id='word_1_21' title='bbox 67 839 120 877; x_wconf 90' lang='lat' dir='ltr'>Et</span> <span class='ocrx_word' id='word_1_22' title='bbox 138 839 269 876; x_wconf 77' lang='lat' dir='ltr'>eidem</span> <span class='ocrx_word' id='word_1_23' title='bbox 289 840 346 876; x_wconf 87' lang='lat' dir='ltr'>illi</span> <span class='ocrx_word' id='word_1_24' title='bbox 366 839 484 877; x_wconf 80' lang='lat' dir='ltr'>militi</span> <span class='ocrx_word' id='word_1_25' title='bbox 503 840 613 877; x_wconf 77' lang='lat' dir='ltr'>dono</span> <span class='ocrx_word' id='word_1_26' title='bbox 634 841 778 878; x_wconf 82' lang='lat' dir='ltr'>datust.</span> 
     </span>
    </p>

    <p class='ocr_par' dir='ltr' id='par_1_4' title="bbox 68 904 1105 1279">
     <span class='ocr_line' id='line_1_6' title="bbox 69 904 1105 944; baseline 0.001 -1"><span class='ocrx_word' id='word_1_27' title='bbox 69 904 190 943; x_wconf 88' lang='lat' dir='ltr'>Suom</span> <span class='ocrx_word' id='word_1_28' title='bbox 210 906 375 942; x_wconf 75' lang='lat' dir='ltr'>arcessit</span> <span class='ocrx_word' id='word_1_29' title='bbox 396 917 523 942; x_wconf 85' lang='lat' dir='ltr'>seruos</span> <span class='ocrx_word' id='word_1_30' title='bbox 541 905 734 942; x_wconf 85' lang='lat' dir='ltr'>do&#39;minum</span> <span class='ocrx_word' id='word_1_31' title='bbox 753 905 923 943; x_wconf 86' lang='lat' dir='ltr'>Athenis</span> <span class='ocrx_word' id='word_1_32' title='bbox 943 905 982 942; x_wconf 79' lang='lat' dir='ltr'>et</span> <span class='ocrx_word' id='word_1_33' title='bbox 1001 905 1105 944; x_wconf 85' lang='lat' dir='ltr'>forat</span> 
     </span>
     <span class='ocr_line' id='line_1_7' title="bbox 68 969 1030 1019; baseline 0.001 -11"><span class='ocrx_word' id='word_1_34' title='bbox 68 970 253 1008; x_wconf 77' lang='lat' dir='ltr'>Geminis</span> <span class='ocrx_word' id='word_1_35' title='bbox 275 982 517 1007; x_wconf 90' lang='lat' dir='ltr'>conmunem</span> <span class='ocrx_word' id='word_1_36' title='bbox 536 969 620 1007; x_wconf 82' lang='lat' dir='ltr'>scz‘le</span> <span class='ocrx_word' id='word_1_37' title='bbox 639 971 831 1019; x_wconf 85' lang='lat' dir='ltr'>parietem</span> <span class='ocrx_word' id='word_1_38' title='bbox 851 971 1030 1015; x_wconf 74' lang='lat' dir='ltr'>aedibus,</span> 
     </span>
     <span class='ocr_line' id='line_1_8' title="bbox 70 1034 898 1073; baseline -0.002 0"><span class='ocrx_word' id='word_1_39' title='bbox 70 1036 227 1073; x_wconf 78' lang='lat' dir='ltr'>Liceret</span> <span class='ocrx_word' id='word_1_40' title='bbox 246 1041 288 1072; x_wconf 92' lang='lat' dir='ltr'>ut</span> <span class='ocrx_word' id='word_1_41' title='bbox 306 1036 400 1072; x_wconf 84' lang='lat' dir='ltr'><em>clam</em></span> <span class='ocrx_word' id='word_1_42' title='bbox 421 1034 640 1073; x_wconf 74' lang='lat' dir='ltr'>conuenire</span> <span class='ocrx_word' id='word_1_43' title='bbox 658 1034 898 1073; x_wconf 51' lang='lat' dir='ltr'>amentibus.</span> 
     </span>
     <span class='ocr_line' id='line_1_9' title="bbox 71 1099 900 1149; baseline 0 -11"><span class='ocrx_word' id='word_1_44' title='bbox 71 1100 273 1138; x_wconf 77' lang='lat' dir='ltr'>Oberrans</span> <span class='ocrx_word' id='word_1_45' title='bbox 293 1106 428 1137; x_wconf 88' lang='lat' dir='ltr'>custos</span> <span class='ocrx_word' id='word_1_46' title='bbox 448 1099 523 1137; x_wconf 80' lang='lat' dir='ltr'>hos</span> <span class='ocrx_word' id='word_1_47' title='bbox 542 1100 652 1137; x_wconf 90' lang='lat' dir='ltr'>uidet</span> <span class='ocrx_word' id='word_1_48' title='bbox 672 1100 722 1137; x_wconf 90' lang='lat' dir='ltr'>de</span> <span class='ocrx_word' id='word_1_49' title='bbox 742 1101 900 1149; x_wconf 77' lang='lat' dir='ltr'>tegulis,</span> 
     </span>
     <span class='ocr_line' id='line_1_10' title="bbox 71 1164 930 1214; baseline 0 -11"><span class='ocrx_word' id='word_1_50' title='bbox 71 1165 269 1203; x_wconf 79' lang='lat' dir='ltr'>Ridiculis</span> <span class='ocrx_word' id='word_1_51' title='bbox 288 1172 433 1210; x_wconf 85' lang='lat' dir='ltr'>autem,</span> <span class='ocrx_word' id='word_1_52' title='bbox 456 1164 568 1214; x_wconf 51' lang='lat' dir='ltr'>quasi</span> <span class='ocrx_word' id='word_1_53' title='bbox 590 1166 640 1202; x_wconf 88' lang='lat' dir='ltr'>sit</span> <span class='ocrx_word' id='word_1_54' title='bbox 661 1165 747 1209; x_wconf 80' lang='lat' dir='ltr'>alia,</span> <span class='ocrx_word' id='word_1_55' title='bbox 772 1164 930 1203; x_wconf 72' lang='lat' dir='ltr'>lfiditur.</span> 
     </span>
     <span class='ocr_line' id='line_1_11' title="bbox 70 1230 857 1279; baseline -0.001 -11"><span class='ocrx_word' id='word_1_56' title='bbox 70 1230 255 1279; x_wconf 73' lang='lat' dir='ltr'>Itemque</span> <span class='ocrx_word' id='word_1_57' title='bbox 274 1230 432 1278; x_wconf 84' lang='lat' dir='ltr'>inpellit</span> <span class='ocrx_word' id='word_1_58' title='bbox 450 1230 620 1267; x_wconf 80' lang='lat' dir='ltr'>militem</span> <span class='ocrx_word' id='word_1_59' title='bbox 641 1230 857 1267; x_wconf 77' lang='lat' dir='ltr'>Palaestrio</span> 
     </span>
    </p>

    <p class='ocr_par' dir='ltr' id='par_1_5' title="bbox 71 1293 954 1408">
     <span class='ocr_line' id='line_1_12' title="bbox 71 1293 954 1343; baseline -0.001 -10"><span class='ocrx_word' id='word_1_60' title='bbox 71 1294 274 1333; x_wconf 72' lang='lat' dir='ltr'>omissam</span> <span class='ocrx_word' id='word_1_61' title='bbox 294 1295 413 1332; x_wconf 84' lang='lat' dir='ltr'>faciat</span> <span class='ocrx_word' id='word_1_62' title='bbox 434 1293 712 1338; x_wconf 79' lang='lat' dir='ltr'>concubinam,</span> <span class='ocrx_word' id='word_1_63' title='bbox 735 1294 896 1343; x_wconf 66' lang='lat' dir='ltr'>queindo</span> <span class='ocrx_word' id='word_1_64' title='bbox 917 1294 954 1332; x_wconf 89' lang='lat' dir='ltr'>ei</span> 
     </span>
     <span class='ocr_line' id='line_1_13' title="bbox 71 1358 786 1408; baseline -0.001 -11"><span class='ocrx_word' id='word_1_65' title='bbox 71 1359 189 1398; x_wconf 80' lang='lat' dir='ltr'>Senis</span> <span class='ocrx_word' id='word_1_66' title='bbox 208 1360 331 1397; x_wconf 89' lang='lat' dir='ltr'>uicini</span> <span class='ocrx_word' id='word_1_67' title='bbox 353 1358 487 1408; x_wconf 71' lang='lat' dir='ltr'>cfipiat</span> <span class='ocrx_word' id='word_1_68' title='bbox 506 1371 604 1396; x_wconf 83' lang='lat' dir='ltr'>uxor</span> <span class='ocrx_word' id='word_1_69' title='bbox 623 1358 786 1397; x_wconf 83' lang='lat' dir='ltr'>n1&#39;1bere.</span> 
     </span>
    </p>

    <p class='ocr_par' dir='ltr' id='par_1_6' title="bbox 71 1423 1087 1539">
     <span class='ocr_line' id='line_1_14' title="bbox 71 1423 1087 1474; baseline 0.001 -12"><span class='ocrx_word' id='word_1_70' title='bbox 71 1424 185 1462; x_wconf 89' lang='lat' dir='ltr'>Vltro</span> <span class='ocrx_word' id='word_1_71' title='bbox 205 1424 322 1462; x_wconf 62' lang='lat' dir='ltr'>abeat</span> <span class='ocrx_word' id='word_1_72' title='bbox 342 1430 438 1469; x_wconf 81' lang='lat' dir='ltr'>orat,</span> <span class='ocrx_word' id='word_1_73' title='bbox 461 1423 585 1462; x_wconf 80' lang='lat' dir='ltr'>donat</span> <span class='ocrx_word' id='word_1_74' title='bbox 604 1425 739 1462; x_wconf 80' lang='lat' dir='ltr'>multa.</span> <span class='ocrx_word' id='word_1_75' title='bbox 795 1425 882 1474; x_wconf 88' lang='lat' dir='ltr'>ipse</span> <span class='ocrx_word' id='word_1_76' title='bbox 903 1425 944 1462; x_wconf 81' lang='lat' dir='ltr'>in</span> <span class='ocrx_word' id='word_1_77' title='bbox 965 1425 1087 1463; x_wconf 88' lang='lat' dir='ltr'>domo</span> 
     </span>
     <span class='ocr_line' id='line_1_15' title="bbox 73 1489 994 1539; baseline -0.001 -11"><span class='ocrx_word' id='word_1_78' title='bbox 73 1489 190 1528; x_wconf 77' lang='lat' dir='ltr'>Senis</span> <span class='ocrx_word' id='word_1_79' title='bbox 210 1490 430 1539; x_wconf 89' lang='lat' dir='ltr'>prehensus</span> <span class='ocrx_word' id='word_1_80' title='bbox 451 1490 604 1538; x_wconf 75' lang='lat' dir='ltr'>poenas</span> <span class='ocrx_word' id='word_1_81' title='bbox 623 1501 696 1539; x_wconf 91' lang='lat' dir='ltr'>pro</span> <span class='ocrx_word' id='word_1_82' title='bbox 716 1489 890 1527; x_wconf 83' lang='lat' dir='ltr'>moecho</span> <span class='ocrx_word' id='word_1_83' title='bbox 910 1490 994 1527; x_wconf 90' lang='lat' dir='ltr'>luit.</span> 
     </span>
    </p>
   </div>
   <div class='ocr_carea' id='block_1_3' title="bbox 72 1605 1257 1869">
    <p class='ocr_par' dir='ltr' id='par_1_7' title="bbox 72 1605 1257 1869">
     <span class='ocr_line' id='line_1_16' title="bbox 115 1605 1257 1647; baseline -0.002 -9"><span class='ocrx_word' id='word_1_84' title='bbox 115 1614 145 1647; x_wconf 85' lang='lat'>5.</span> <span class='ocrx_word' id='word_1_85' title='bbox 168 1616 300 1638; x_wconf 80' lang='lat' dir='ltr'>seruos</span> <span class='ocrx_word' id='word_1_86' title='bbox 329 1609 525 1637; x_wconf 72' lang='lat' dir='ltr'>dominum</span> <span class='ocrx_word' id='word_1_87' title='bbox 553 1607 645 1637; x_wconf 79' lang='lat' dir='ltr'>Ath.</span> <span class='ocrx_word' id='word_1_88' title='bbox 670 1605 707 1636; x_wconf 90' lang='lat' dir='ltr'>R</span> <span class='ocrx_word' id='word_1_89' title='bbox 721 1617 728 1643; x_wconf 90' lang='lat'>;</span> <span class='ocrx_word' id='word_1_90' title='bbox 759 1616 901 1637; x_wconf 80' lang='lat' dir='ltr'>erumna</span> <span class='ocrx_word' id='word_1_91' title='bbox 931 1606 1040 1636; x_wconf 79' lang='lat' dir='ltr'>thenis</span> <span class='ocrx_word' id='word_1_92' title='bbox 1068 1606 1137 1643; x_wconf 89' lang='lat' dir='ltr'>Ba;</span> <span class='ocrx_word' id='word_1_93' title='bbox 1161 1615 1257 1636; x_wconf 85' lang='lat' dir='ltr'>erum</span> 
     </span>
     <span class='ocr_line' id='line_1_17' title="bbox 72 1661 1256 1701; baseline 0 -9"><span class='ocrx_word' id='word_1_94' title='bbox 72 1662 216 1693; x_wconf 78' lang='lat' dir='ltr'>Athenis</span> <span class='ocrx_word' id='word_1_95' title='bbox 241 1666 318 1693; x_wconf 80' lang='lat' dir='ltr'>rest.</span> <span class='ocrx_word' id='word_1_96' title='bbox 492 1661 523 1693; x_wconf 87' lang='lat'>6.</span> <span class='ocrx_word' id='word_1_97' title='bbox 547 1665 643 1693; x_wconf 82' lang='lat' dir='ltr'>scite</span> <span class='ocrx_word' id='word_1_98' title='bbox 665 1662 721 1699; x_wconf 87' lang='lat' dir='ltr'>R;</span> <span class='ocrx_word' id='word_1_99' title='bbox 745 1662 842 1692; x_wconf 81' lang='lat' dir='ltr'><em>scz‘em</em></span> <span class='ocrx_word' id='word_1_100' title='bbox 858 1661 905 1698; x_wconf 89' lang='lat' dir='ltr'>C;</span> <span class='ocrx_word' id='word_1_101' title='bbox 929 1662 1016 1691; x_wconf 85' lang='lat' dir='ltr'>clam</span> <span class='ocrx_word' id='word_1_102' title='bbox 1037 1661 1078 1701; x_wconf 92' lang='lat' dir='ltr'>B,</span> <span class='ocrx_word' id='word_1_103' title='bbox 1097 1661 1204 1692; x_wconf 79' lang='lat' dir='ltr'>which</span> <span class='ocrx_word' id='word_1_104' title='bbox 1219 1662 1256 1692; x_wconf 91' lang='lat' dir='ltr'>R</span> 
     </span>
     <span class='ocr_line' id='line_1_18' title="bbox 74 1718 1257 1759; baseline 0.001 -11"><span class='ocrx_word' id='word_1_105' title='bbox 74 1721 262 1759; x_wconf 77' lang='lat' dir='ltr'>transposes</span> <span class='ocrx_word' id='word_1_106' title='bbox 278 1722 313 1749; x_wconf 85' lang='lat' dir='ltr'>to</span> <span class='ocrx_word' id='word_1_107' title='bbox 329 1721 407 1748; x_wconf 84' lang='lat' dir='ltr'>next</span> <span class='ocrx_word' id='word_1_108' title='bbox 422 1727 524 1749; x_wconf 87' lang='lat' dir='ltr'>verse.</span> <span class='ocrx_word' id='word_1_109' title='bbox 627 1720 787 1749; x_wconf 80' lang='lat' dir='ltr'>aedibus</span> <span class='ocrx_word' id='word_1_110' title='bbox 810 1718 846 1747; x_wconf 83' lang='lat' dir='ltr'>in</span> <span class='ocrx_word' id='word_1_111' title='bbox 862 1718 1000 1748; x_wconf 78' lang='lat' dir='ltr'>aedibus</span> <span class='ocrx_word' id='word_1_112' title='bbox 1014 1718 1064 1748; x_wconf 94' lang='lat' dir='ltr'>M.</span> <span class='ocrx_word' id='word_1_113' title='bbox 1112 1725 1140 1757; x_wconf 94' lang='lat'>7.</span> <span class='ocrx_word' id='word_1_114' title='bbox 1159 1721 1257 1749; x_wconf 84' lang='lat' dir='ltr'>clam</span> 
     </span>
     <span class='ocr_line' id='line_1_19' title="bbox 74 1773 1255 1816; baseline 0.001 -12"><span class='ocrx_word' id='word_1_115' title='bbox 74 1773 111 1804; x_wconf 91' lang='lat' dir='ltr'>R</span> <span class='ocrx_word' id='word_1_116' title='bbox 125 1784 132 1810; x_wconf 88' lang='lat'>;</span> <span class='ocrx_word' id='word_1_117' title='bbox 157 1778 197 1803; x_wconf 87' lang='lat' dir='ltr'>ut</span> <span class='ocrx_word' id='word_1_118' title='bbox 209 1774 320 1815; x_wconf 84' lang='lat' dir='ltr'>quiret</span> <span class='ocrx_word' id='word_1_119' title='bbox 333 1775 509 1804; x_wconf 78' lang='lat' dir='ltr'>conuenire</span> <span class='ocrx_word' id='word_1_120' title='bbox 526 1773 617 1815; x_wconf 83' lang='lat' dir='ltr'>(with</span> <span class='ocrx_word' id='word_1_121' title='bbox 632 1774 716 1804; x_wconf 81' lang='lat' dir='ltr'>coire</span> <span class='ocrx_word' id='word_1_122' title='bbox 727 1773 858 1804; x_wconf 87' lang='lat' dir='ltr'>written</span> <span class='ocrx_word' id='word_1_123' title='bbox 874 1783 950 1804; x_wconf 88' lang='lat' dir='ltr'>over</span> <span class='ocrx_word' id='word_1_124' title='bbox 965 1775 1075 1814; x_wconf 80' lang='lat' dir='ltr'>quiret</span> <span class='ocrx_word' id='word_1_125' title='bbox 1087 1774 1122 1804; x_wconf 83' lang='lat' dir='ltr'>in</span> <span class='ocrx_word' id='word_1_126' title='bbox 1137 1774 1180 1816; x_wconf 86' lang='lat' dir='ltr'>B)</span> <span class='ocrx_word' id='word_1_127' title='bbox 1196 1775 1255 1809; x_wconf 85' lang='lat' dir='ltr'>M;</span> 
     </span>
     <span class='ocr_line' id='line_1_20' title="bbox 75 1828 1106 1869; baseline 0.004 -11"><span class='ocrx_word' id='word_1_128' title='bbox 75 1832 114 1859; x_wconf 80' lang='lat' dir='ltr'>ut</span> <span class='ocrx_word' id='word_1_129' title='bbox 127 1829 189 1869; x_wconf 82' lang='lat' dir='ltr'>qui</span> <span class='ocrx_word' id='word_1_130' title='bbox 200 1839 295 1860; x_wconf 88' lang='lat' dir='ltr'>conu.</span> <span class='ocrx_word' id='word_1_131' title='bbox 311 1830 412 1862; x_wconf 77' lang='lat' dir='ltr'>Acid.</span> <span class='ocrx_word' id='word_1_132' title='bbox 501 1828 533 1861; x_wconf 87' lang='lat'>8.</span> <span class='ocrx_word' id='word_1_133' title='bbox 557 1833 739 1862; x_wconf 77' lang='lat' dir='ltr'>oberrans</span> <span class='ocrx_word' id='word_1_134' title='bbox 753 1830 791 1861; x_wconf 92' lang='lat' dir='ltr'>R</span> <span class='ocrx_word' id='word_1_135' title='bbox 804 1840 812 1869; x_wconf 91' lang='lat'>;</span> <span class='ocrx_word' id='word_1_136' title='bbox 836 1829 1042 1861; x_wconf 72' lang='lat' dir='ltr'>obhaerentis</span> <span class='ocrx_word' id='word_1_137' title='bbox 1055 1829 1106 1862; x_wconf 86' lang='lat' dir='ltr'>M.</span> 
     </span>
    </p>
   </div>
  </div>
 </body>
</html>
