1480 2366
119 217 179 256 IV
199 220 223 254 4
246 220 319 254 1-9
460 215 639 253 MILES
664 214 732 252 GL
742 214 907 252 ORIOS
918 214 994 253 VS.
1237 218 1310 252 109

356 422 740 451 PYRGOPOLINICES.
797 422 1077 450 PALAESTRIO.

122 519 192 557 PY.
223 518 344 566 Quod
364 519 486 564 uolui,
508 524 552 557 ut
570 519 694 565 uolui,
717 517 928 568 impetraui
950 531 1022 568 per
1040 518 1258 557 amicitiam
1273 523 1312 556 et
1329 528 1385 558 IV
1397 528 1416 558 4

333 583 501 633 gratiam
1332 579 1397 596 ¹²⁰⁰

121 642 157 691 Ᾰ
176 651 490 691 Philocomasio.
532 652 603 690 PA.
625 652 734 700 Quid
753 656 794 690 te
814 653 920 690 intus
940 651 1064 690 fuisse
1080 657 1161 690 tam
1182 651 1315 690 dicam

331 719 400 756 diu
418 718 435 755 ?

122 784 193 821 ΡΥ.
224 782 454 832 Nfimquam
484 795 562 832 ego
592 795 657 821 me
686 788 768 821 tam
797 783 905 821 sensi
924 783 1049 821 amari
1068 781 1188 833 quam
1208 795 1316 821 nunc

331 850 381 886 ab
403 849 472 886 illa
490 848 671 887 mfiliere.

122 916 195 954 PA.
225 915 335 962 Quid
371 915 483 953 iam?
538 915 607 952 ΡΥ.
637 914 692 952 Vt
719 914 844 952 multa
872 914 995 952 uerba
1022 913 1114 959 feci,
1137 918 1180 952 ut
1207 914 1318 951 lenta

332 981 518 1018 materies
539 980 624 1017 fuit.

121 1048 271 1086 Verum
293 1054 498 1098 postremo
519 1048 732 1098 impetraui
751 1053 794 1085 ut
813 1047 947 1085 uolui:
978 1047 1128 1085 donaui
1149 1047 1233 1084 dari

124 1114 239 1162 Quae
258 1115 398 1159 uoluit,
421 1126 524 1163 quae
544 1113 775 1162 postulauit.
805 1112 842 1150 te'
856 1125 1017 1162 quoque
1028 1114 1065 1149 ez·
1079 1112 1189 1150 dono
1206 1112 1313 1150 dedi.
1332 1122 1396 1148 1205

123 1183 196 1221 PA.
226 1172 360 1221 Etiam
394 1195 460 1219 me
478 1181 495 1219 ?
524 1193 604 1231 quo
642 1180 767 1219 modo
805 1193 883 1229 ego
915 1182 1050 1218 uiuam
1088 1180 1176 1218 sine
1213 1181 1281 1218 ted
1299 1180 1317 1218 ?

335 1248 405 1285 ΡΥ.
434 1247 535 1295 Age,
558 1246 694 1284 anim6
715 1247 825 1284 bono
844 1259 900 1282 es:

125 1314 316 1352 Indidem
337 1324 414 1361 ego
434 1317 474 1349 te
495 1311 690 1349 liberabo.
747 1310 840 1348 nam
861 1311 893 1348 si
915 1322 1077 1360 possem
1097 1310 1179 1348 ullo
1192 1310 1318 1348 modo

126 1365 362 1428 I‘mpetrare,
383 1382 427 1414 ut
445 1376 575 1414 abiret
594 1388 671 1414 nec
690 1381 730 1413 te
750 1375 982 1422 abdt'iceret,
1004 1375 1169 1426 operam
1190 1376 1284 1413 dedi
1305 1384 1316 1411 ἓ

174 1552 266 1575 1200.
291 1545 401 1574 uolui
417 1541 548 1583 Guyet;
573 1541 648 1571 uolo
663 1541 722 1579 M;
746 1541 820 1571 nolo
835 1541 875 1572 F.
1041 1548 1133 1571 1201.
1158 1551 1183 1572 a
1199 1563 1208 1571 .
1227 1564 1235 1572 .
1253 1543 1321 1572 diu

127 1601 167 1631 M
183 1600 242 1630 has
257 1609 338 1630 nam
353 1603 422 1629 tam
437 1598 488 1629 for
504 1601 542 1635 te,
561 1597 627 1628 and
653 1601 682 1628 te
704 1597 756 1628 for
780 1600 849 1627 tam
863 1607 878 1635 ;
904 1597 943 1628 R
965 1596 1084 1638 rejects
1099 1607 1121 1627 a
1138 1597 1230 1627 Phil.
1250 1606 1285 1627 as
1302 1605 1322 1626 a

128 1655 242 1696 gloss„
260 1654 325 1686 and
343 1654 432 1694 gives
447 1663 469 1683 a
484 1663 536 1683 me
552 1657 592 1683 ut
605 1653 702 1683 abeat
715 1652 857 1684 instead.
1049 1660 1140 1683 1202.
1165 1663 1225 1683 me
1240 1656 1322 1683 tam

128 1711 247 1751 Cam.;
275 1712 407 1740 mittam
434 1709 484 1746 B;
509 1709 594 1750 quid
623 1712 692 1739 tam
719 1708 768 1748 C;
800 1708 885 1750 quid
914 1709 1126 1750 (quidquam)
1153 1712 1248 1739 tuam
1274 1708 1318 1739 D.

138 1774 230 1806 1203.
278 1768 352 1797 feci.
399 1764 546 1804 Mfiller3
594 1763 685 1806 fecit
718 1763 758 1794 M
772 1774 780 1803 ;
826 1763 889 1794 but
925 1764 955 1795 B
1004 1764 1094 1804 gives
1141 1763 1326 1804 z'mpetrauz'

129 1821 196 1853 and
211 1821 315 1858 uolui,
333 1820 430 1851 while
452 1820 514 1851 CD
538 1819 633 1851 show
655 1820 855 1860 impetrauit
874 1820 941 1851 and
964 1821 1075 1850 uoluit
1084 1830 1099 1857 ;
1123 1830 1161 1851 so
1185 1820 1242 1850 the
1273 1823 1321 1850 1st

130 1887 216 1919 pers.
234 1876 262 1907 is
280 1875 442 1917 probably
467 1875 557 1916 right
579 1875 614 1906 in
638 1875 693 1906 all.
738 1875 776 1906 R
795 1875 884 1915 gives
897 1875 994 1917 fecit,
1012 1875 1149 1916 reading
1168 1876 1257 1906 lenta
1284 1879 1325 1906 ut

129 1932 212 1963 with
229 1932 349 1973 Guyet.
513 1939 605 1972 1204.
624 1930 766 1962 donaui
781 1933 867 1962 dari
881 1931 1000 1972 Bugge
1014 1942 1022 1968 ;
1040 1931 1243 1962 donauz'dere
1259 1931 1297 1961 M
1311 1941 1320 1967 ς

130 1988 321 2028 donauz'que
335 1987 368 2017 ei
380 1987 488 2025 Cam„
500 1986 589 2027 vulg.
681 1994 774 2027 1205.
791 1991 831 2018 te
848 2011 856 2019 .
874 2010 883 2019 .
903 2011 911 2019 .
930 1990 966 2018 ei
981 1986 1135 2029 Pylades.
1228 1993 1319 2025 1207.

131 2046 301 2074 indidem
325 2043 442 2083 Bugge
456 2053 464 2080 ;
491 2046 522 2073 et
536 2043 622 2073 idem
639 2042 720 2080 CD;
746 2046 779 2073 et
791 2043 851 2073 illi
869 2043 897 2073 B
913 2053 921 2080 3
946 2044 1023 2074 item
1039 2043 1134 2074 illinc
1148 2043 1207 2083 R3
1226 2045 1322 2083 post-

133 2099 195 2129 illa
211 2098 273 2129 Bx.
472 2109 623 2135 possem
639 2098 739 2130 Acid.
753 2109 762 2138 ;
781 2103 893 2140 posset
906 2100 963 2137 M;
981 2100 1010 2130 B
1027 2099 1116 2140 gives
1133 2100 1326 2139 impetraret

132 2153 168 2184 in
179 2158 257 2184 next
272 2163 375 2194 verse,
395 2153 459 2184 and
476 2154 611 2184 haberet
627 2154 674 2195 (as
690 2153 794 2195 often)
811 2154 862 2186 for
874 2155 992 2185 abiret.
