1480 2366
196 183 242 218 16
515 181 555 218 T.
586 181 778 219 MAOOI
795 181 907 219 PLA
922 181 1017 219 VTI
1162 183 1209 220 II
1230 186 1253 220 2
1282 187 1379 222 3-11

193 284 251 322 Mi
281 286 469 335 equidem
496 286 575 324 iarn
604 285 743 324 arbitri
769 286 894 324 uicini
924 285 1027 333 sunt,
1056 299 1171 325 meae
1194 288 1290 338 quid
1317 288 1384 327 fiat

400 353 537 390 domi:

194 410 256 459 sta
278 433 349 470 per
368 421 594 470 inpluuium
622 419 728 458 intro
753 426 950 470 spectant.
1007 419 1115 459 nfinc
1138 421 1242 460 adeo
1266 422 1384 461 edico

400 486 616 524 omnibus:

131 555 177 580 160
193 550 405 601 Quemque
424 564 448 589 a
475 552 604 589 milite
625 550 704 589 hoc
723 551 907 590 uideritis
934 551 1142 590 hominem
1165 553 1205 590 in
1235 554 1382 592 nostris

400 617 548 666 tegulis

189 674 313 724 Extra
331 698 454 723 unum
476 685 804 730 Palaestrionem,
826 685 905 723 huc
925 685 1178 723 deturbatote
1199 684 1241 722 in
1260 686 1380 723 uiam.

190 750 310 798 Quod
324 751 392 788 ille
405 751 597 799 gallinam
610 755 677 788 aut
691 751 918 788 columbam
933 751 975 788 se
989 751 1130 788 sectari
1145 755 1211 788 aut
1224 750 1382 788 simiam

189 816 332 854 Dicat:
356 815 593 866 disperistis,
616 816 657 852 ni
677 827 805 865 usque
825 816 875 853 ad
896 815 1065 853 mortem
1086 816 1191 853 male
1210 815 1380 853 mulceis-

401 882 501 919 sitis.

189 952 322 1001 Atque
342 951 458 994 adeo,
479 955 522 987 ut
542 962 593 987 ne
614 950 694 998 legi
716 949 895 988 fraudem
916 949 1066 988 faciant
1084 950 1268 996 aleariae,

114 1021 174 1055 '165
191 1022 435 1059 Adcuratote
454 1017 497 1055 ut
517 1019 604 1055 sine
623 1019 715 1055 talis
736 1017 846 1055 domi
867 1019 1022 1067 agitent
1042 1019 1288 1056 conuiuium.

191 1087 262 1123 PA.
293 1085 446 1123 Nescio
467 1083 563 1132 quid
592 1082 848 1121 malefactum
874 1096 898 1120 a
923 1088 1061 1121 nostra
1084 1083 1150 1122 hic
1178 1083 1379 1128 familiast,

399 1149 591 1193 quantum
613 1142 757 1180 audio:

236 1301 306 1342 158.
332 1303 386 1332 mi
409 1302 587 1336 equidem
609 1298 758 1338 Becker;
784 1299 874 1330 mihi
885 1299 1019 1340 quidem
1042 1299 1102 1339 M;
1127 1297 1236 1330 which
1252 1298 1289 1329 R
1304 1308 1379 1340 pre-

189 1367 308 1395 serves,
326 1355 483 1395 omitting
499 1356 579 1386 iam.
655 1358 794 1387 arbitri
809 1358 929 1386 uicini
946 1359 1038 1386 sunt
1050 1355 1087 1385 R
1097 1354 1180 1385 after
1190 1354 1284 1385 Cam.
1300 1365 1307 1391 ;
1321 1365 1380 1384 αν-

189 1415 272 1445 bitri
282 1413 325 1445 ὃὸ
335 1413 419 1443 uicis
429 1415 511 1442 eunt
520 1412 570 1442 Ba
581 1422 589 1448 ;
607 1412 768 1441 arbitriae
781 1412 865 1442 uicis
876 1415 958 1441 eunt
968 1411 994 1442 C
1009 1424 1017 1447 ;
1030 1411 1174 1442 arbitri.
1191 1435 1198 1442 .
1213 1411 1297 1440 uicis
1307 1420 1381 1440 eum

188 1472 264 1508 Da3
287 1470 413 1501 arbitri
431 1473 463 1499 et
481 1469 591 1499 uicini
609 1469 723 1498 sciunt
736 1469 795 1505 Bc,
811 1467 919 1498 which
935 1467 1042 1507 might
1058 1466 1207 1508 possibly
1222 1466 1264 1497 be
1279 1466 1379 1507 right.

194 1526 264 1558 160.
298 1535 488 1563 quemque
516 1534 710 1565 quemquem
738 1523 849 1554 Bentl.
878 1524 978 1564 (Eun.
1000 1530 1035 1554 V.
1063 1522 1093 1554 8.
1122 1522 1190 1564 34),
1212 1522 1290 1553 here
1323 1532 1381 1563 ap-

190 1581 343 1624 parently
358 1579 540 1620 forgetting
556 1590 574 1610 a
590 1579 641 1611 Pl.
657 1589 759 1619 usage
782 1578 891 1609 which
906 1578 949 1609 he
963 1577 1151 1618 recognises
1167 1581 1201 1608 at
1216 1577 1315 1618 Capt.
1330 1585 1379 1609 rv.

192 1647 221 1670 2.
246 1637 294 1675 18,
311 1637 387 1674 viz„
406 1645 601 1677 quemque:
617 1645 856 1676 quemcunque.
948 1633 1018 1665 161.
1043 1636 1085 1665 in
1106 1636 1213 1665 uiam
1235 1633 1355 1664 Lamb.
1373 1643 1381 1671 ;

191 1695 228 1724 in
244 1694 303 1723 uia
320 1693 370 1723 M.
537 1690 607 1731 163.
633 1695 795 1722 mortem
817 1692 916 1721 male
939 1692 1076 1719 mortem
1091 1689 1144 1719 ale
1158 1688 1220 1720 CD
1235 1699 1243 1727 3
1269 1699 1311 1719 an
1326 1699 1381 1720 ex-

191 1750 300 1791 ample
317 1749 355 1780 of
362 1747 419 1779 the
434 1757 510 1788 very
526 1747 677 1787 frequent
694 1745 852 1776 omission
868 1745 907 1776 of
919 1755 982 1775 one
998 1745 1036 1775 of
1047 1749 1115 1775 two
1131 1744 1254 1775 similar
1268 1744 1382 1775 letters

193 1816 231 1836 or
260 1803 416 1846 syllables
446 1803 481 1833 in
507 1800 760 1843 juxtaposition,
782 1800 890 1831 which
921 1801 940 1831 Ι
970 1799 1055 1830 shall
1084 1799 1148 1831 call
1168 1800 1379 1841 lzjbography.

192 1861 430 1892 muloassitis
451 1858 508 1895 A;
536 1857 723 1887 mulcasz'tis
737 1856 795 1887 BC
810 1866 816 1886 :
835 1856 1023 1886 mulcarz'tz's
1034 1855 1104 1893 Da3
1122 1855 1291 1885 mulctatis
1310 1855 1378 1886 Db.

197 1917 268 1956 164.
291 1926 339 1947 ne
354 1917 434 1951 legi
449 1924 507 1944 nec
518 1914 588 1955 legi
596 1913 669 1949 Db;
687 1912 821 1953 neglegi
831 1911 870 1943 C.
941 1914 1108 1943 aleariae
1119 1911 1170 1947 A;
1195 1911 1316 1941 talarz'e
1330 1910 1379 1946 B;

193 1972 301 2002 alarz'e
316 1971 391 2002 CD.
513 1968 584 2009 165.
611 1971 694 1999 sine
716 1970 810 1999 talis
832 1969 934 1998 domi
956 1966 1014 2004 M;
1039 1973 1056 1997 s
1074 1989 1254 1998 .......
1272 1973 1382 1996 DOLIS

197 2028 247 2069 (or
262 2026 382 2068 DVLIS)
400 2025 455 2064 A;
475 2025 593 2066 “quae
618 2024 694 2055 uide
716 2034 796 2054 num
820 2030 906 2054 SINE
929 2029 1114 2053 CONDVLIS
1134 2021 1381 2063 interpretanda

194 2082 271 2123 sint,
283 2082 311 2113 si
326 2081 428 2112 modo
443 2080 594 2113 κόνδυλοι
608 2089 767 2121 umquam
783 2083 859 2109 sunt
871 2088 931 2119 pro
945 2077 1165 2120 ἀστραγάλοις
1181 2077 1280 2115 dieti5
1303 2087 1380 2107 nam

194 2138 335 2170 sormam
351 2137 514 2168 condulus
529 2137 649 2167 Festus
665 2135 842 2167 testatur.''
854 2135 902 2165 R.
947 2133 1016 2166 166.
1032 2136 1096 2166 hic
1110 2133 1166 2171 A;
1184 2134 1264 2164 huic
1277 2133 1328 2163 M.
