1480 2366
92 191 160 228 III
183 194 199 228 1
235 195 357 229 19-28
411 193 586 231 MILES
619 194 860 232 GLORIOS
871 195 944 233 VS.
1224 201 1272 235 55

92 304 162 342 PA.
193 292 324 343 immo
355 306 450 355 quid
481 304 587 343 tibi?
641 306 708 344 PL.
740 306 914 354 Quodne
950 309 1066 346 uobis
1103 309 1272 359 placeat,

298 370 511 420 displiceat
529 371 628 408 mihi
647 372 664 409 ?

92 435 186 482 Quis
206 436 329 474 homo
349 437 400 474 sit
414 435 543 484 magis
557 448 670 474 meus
683 448 802 486 quam
817 442 859 475 tu
871 449 915 476 es
931 438 948 476 ?
1002 438 1071 476 PE.
1094 439 1277 489 Loquere
1289 454 1338 486 615

298 501 433 550 lepide
454 506 493 538 et
513 500 740 539 commode.

94 568 164 605 PA„
195 566 266 605 ΡόΙ
287 567 343 604 ita
362 566 480 603 decet
500 566 606 603 hunc
627 565 770 604 facere.
828 567 896 604 PL.
926 568 978 605 At
998 568 1076 606 hoc
1096 581 1160 607 me
1180 568 1277 607 faci-

297 644 372 669 nus
391 633 579 669 miserum
599 631 774 670 macerat

93 696 310 746 Met'nnque
344 709 413 734 cor
444 696 668 746 corpfisque
701 697 861 735 cruciat.
919 697 989 735 PE.
1020 697 1128 745 Quid
1149 698 1190 737 id
1218 704 1280 737 est

299 763 408 812 quod
430 761 581 800 cruciat
599 763 615 800 ?
644 762 759 800 cedo.

93 827 160 864 PL.
191 826 261 865 Me
279 828 353 865 tibi
375 828 476 865 istuc
495 826 637 864 aetatis
658 827 812 864 homini
833 826 1012 865 fdcinora
1031 827 1199 877 puerilia

93 886 281 940 Obicere,
303 907 436 944 neque
455 895 495 932 te
515 895 662 932 decora
681 895 813 944 neque
832 896 910 932 tuis
928 895 1141 933 uirtfitibus

91 955 127 1005 Ᾰ
145 972 185 1004 te
204 970 404 1014 expetere,
426 975 475 1000 ex
495 962 640 1012 opibus
661 963 826 1000 summis
847 961 925 998 mei
947 963 1112 1001 honoris
1130 963 1257 1013 gratia
1295 974 1344 999 620

94 1031 199 1069 Mihi
218 1030 367 1068 amanti
389 1029 445 1065 ire
474 1027 723 1077 opitulatum,
746 1033 865 1077 atque
894 1028 941 1065 ea
968 1033 1008 1065 te
1035 1029 1167 1066 facere
1187 1028 1282 1067 faci-

301 1105 412 1137 nora,

95 1160 208 1209 Quae
237 1160 362 1197 istaec
392 1163 502 1195 aetas
532 1155 670 1206 ffigere
700 1157 806 1195 facta
834 1157 963 1207 magis
992 1170 1110 1209 quam
1140 1160 1283 1197 sectari

302 1223 417 1260 solet.

95 1288 195 1327 Eam
229 1288 353 1338 pudet
382 1299 447 1324 me
475 1286 551 1324 tibi
584 1287 626 1324 in
646 1293 809 1324 senecta
846 1287 1009 1326 obicere
1046 1289 1283 1327 sollicitfidi-

302 1364 408 1390 nem.

138 1508 213 1549 615.
238 1518 346 1540 meus
362 1517 478 1543 quam
492 1510 537 1538 tu
553 1518 594 1539 es
609 1507 664 1538 FZ
678 1517 686 1545 ;
704 1517 796 1538 meus
810 1518 955 1549 quamus
971 1510 1151 1549 (quamtus,
1167 1519 1285 1550 quam-

97 1568 187 1604 tuus,
215 1564 385 1605 quamuis)
412 1564 462 1594 M.
614 1563 689 1602 617.
714 1567 859 1595 cruciat
886 1567 974 1596 cedo
998 1564 1091 1595 Cam.
1105 1575 1113 1603 ;
1136 1566 1290 1596 cruciant

97 1622 169 1652 ced·
192 1619 289 1663 (with
312 1629 354 1650 an
384 1620 525 1660 erasure)
550 1618 619 1656 Ba;
643 1620 800 1650 cruciant
823 1620 878 1650 ted
899 1620 971 1657 Bb;
998 1621 1129 1651 cruciat
1150 1624 1181 1651 te
1204 1624 1283 1653 rest.

98 1676 190 1707 Here
205 1675 263 1707 the
278 1674 386 1706 whole
401 1674 592 1716 corruption
614 1684 706 1706 arose
722 1675 806 1705 from
823 1675 879 1706 the
901 1685 978 1716 very
994 1685 1149 1706 common
1171 1675 1286 1706 confu-

100 1731 173 1762 sion
199 1731 237 1762 of
252 1741 269 1761 c
295 1730 361 1761 and
387 1733 410 1762 t.
598 1729 672 1761 620.
696 1732 786 1762 Ate
809 1731 866 1769 R;
892 1741 930 1761 ea
945 1735 976 1761 te
997 1731 1055 1768 M;
1073 1731 1157 1773 sace
1178 1731 1212 1762 in
1236 1732 1286 1762 Ba

101 1786 200 1818 an'ses
226 1787 309 1817 from
336 1785 393 1817 the
422 1785 573 1827 frequent
602 1786 776 1817 confusion
803 1786 956 1817 between
981 1797 999 1817 c
1025 1787 1089 1818 and
1114 1791 1138 1819 t.
1184 1787 1252 1818 For
1274 1791 1290 1818 t

103 1841 259 1881 standing
272 1841 306 1872 in
322 1840 416 1882 place
439 1841 477 1872 of
487 1851 504 1871 c
519 1850 573 1872 see
595 1851 640 1872 on
660 1849 737 1880 100;
753 1851 804 1872 we
818 1841 902 1872 have
913 1852 930 1873 c
944 1842 996 1873 for
1010 1846 1025 1873 t
1037 1842 1071 1872 in
1087 1842 1143 1873 the
1159 1842 1285 1874 follow-

103 1896 162 1937 ing
177 1906 267 1927 cases
285 1898 421 1937 (among
436 1906 536 1937 many
552 1896 676 1937 others)
690 1907 846 1928 z—ecrem
861 1912 886 1923 =
901 1902 934 1928 et
946 1908 1015 1928 rem
1033 1905 1094 1938 724
1107 1909 1115 1935 ;
1141 1899 1249 1928 uictas
1263 1913 1288 1924 =

106 1952 210 1982 uittas
226 1958 304 1991 7923
328 1955 450 1982 stercus
464 1966 491 1978 =
505 1955 624 1982 stertas
639 1952 702 1983 820
716 1963 724 1991 ;
741 1954 929 1983 amiciciam
945 1968 967 1979 =
984 1954 1169 1984 amicitiam
1188 1961 1287 1992 1200;

105 2007 244 2037 cestibus
253 2021 279 2033 =
291 2008 425 2037 testibus
444 2007 542 2047 1426;
561 2017 597 2038 as
612 2007 687 2039 well
699 2018 734 2039 as
746 2008 781 2039 in
790 2007 847 2039 the
862 2018 983 2050 proper
991 2019 1088 2040 name
1100 2009 1288 2040 Acroteleu-

105 2063 193 2093 cium
209 2063 259 2093 sor
273 2062 542 2095 Acroteleutium.
653 2064 726 2096 621.
755 2067 852 2096 mihi
866 2068 1015 2097 amanti
1036 2065 1101 2097 Ed.
1117 2076 1124 2104 ;
1142 2066 1291 2107 mihique

106 2128 173 2148 am.
190 2118 229 2148 M
242 2128 250 2157 ;
274 2117 334 2149 but
352 2118 417 2149 this
433 2119 460 2150 is
476 2129 518 2150 an
533 2119 763 2161 undoubtedly
778 2119 967 2152 admissible
983 2121 1098 2152 hiatus
1108 2131 1124 2159 ;
1145 2131 1199 2152 see
1215 2122 1287 2153 620.
