1465 2361
149 160 171 193 6
495 158 536 194 Τ.
571 157 763 195 MAOOI
784 157 1005 195 PLAVTI
1115 158 1137 196 Ι
1169 161 1185 196 1
1212 161 1339 197 11-26

146 262 248 299 Tam
269 261 504 299 bellatorem
527 261 636 300 Mars
656 273 699 299 se
715 262 821 300 haud
842 263 945 300 ausit
965 261 1102 300 dicere

148 326 291 376 Neque
311 327 569 376 aequiperare
591 326 680 365 suas
700 327 856 365 uirtutis
875 327 925 365 ad
946 332 1045 365 tuas.

147 391 217 429 ΡΥ.
248 391 433 438 Quemne
454 393 531 441 ego
553 393 707 430 seruaui
729 393 769 430 in
791 391 944 441 campis
965 391 1247 438 Curculioniis,

147 456 224 494 Vbi
245 457 613 495 Bumbomachides
634 457 1181 507 Clutomestoridysarchides

99 534 126 560 15
145 522 241 559 Erat
261 522 479 572 imperator
499 522 687 567 summuS,
711 522 893 572 Neptuni
914 536 1042 572 nepos
1060 524 1076 560 ?

91 1251 120 1275 25

143 588 223 624 AR.
255 587 451 625 Memini:
481 600 628 637 nempe
648 588 760 625 illum
782 588 884 625 dicis
905 601 995 626 cum
1015 589 1134 626 armis
1154 587 1296 633 aureis,

145 652 301 699 Quoius
321 652 362 690 tu
384 653 568 702 legiones
590 652 793 690 difflauisti
815 653 969 702 spiritu,

144 716 269 763 Quasi
288 718 431 755 uentus
451 718 549 755 folia
567 724 634 754 aut
653 717 884 767 pciniculum
904 717 1127 758 tectorium,

145 782 213 819 ΡΥ.
268 782 378 821 Istuc
416 783 581 832 quidem
618 783 766 832 edepol
804 782 905 820 nihil
943 788 1015 820 est.
1087 783 1168 821 AR.
1221 782 1334 821 Nihil

350 848 486 886 hercle
506 847 585 886 hoc
605 848 820 898 quidemst,

109 925 124 941 0
143 913 240 950 Prae
259 919 301 951 ut
321 912 399 951 alia
419 914 564 959 dicam,
586 912 629 951 tu
649 926 750 963 quae
771 925 989 963 numquam
1009 913 1164 951 feceris.

143 977 406 1016 Periuriorem
427 979 506 1016 hoc
530 978 738 1016 hominem
760 979 792 1016 si
814 979 902 1028 quis
923 978 1069 1016 uiderit

139 1044 219 1080 Aut
239 1043 456 1092 gloriarum
477 1044 702 1093 pleniorem
723 1056 843 1093 quam
864 1043 947 1081 illic
968 1049 1040 1089 est,

141 1108 211 1146 Me
231 1109 307 1146 sibi
329 1108 491 1154 habeto,
513 1114 675 1158 egomet
693 1108 729 1146 εί
743 1121 809 1146 me
828 1108 1045 1158 mancupi6
1065 1108 1185 1146 dabo.

141 1173 231 1211 Nisi
251 1173 399 1211 finum:
430 1175 625 1224 epityrum
647 1175 705 1211 illi
726 1174 833 1211 estur
851 1172 1036 1211 insanum
1055 1174 1173 1211 bene.

141 1238 210 1276 PY.
239 1239 318 1276 Vbi
339 1239 471 1277 tues?
523 1240 602 1276 AR.
633 1239 799 1277 Eccum.
856 1239 1004 1288 edepol
1027 1240 1092 1277 uel
1114 1239 1334 1289 elephanto

348 1305 388 1342 in
410 1304 529 1342 India

141 1368 232 1416 Quo
252 1368 373 1419 pecto
393 1382 532 1419 pugno
552 1369 804 1420 praefregisti
824 1369 1069 1408 braicchium.

185 1493 234 1518 11.
259 1489 341 1518 tam
357 1486 485 1523 Bothe;
510 1490 582 1517 tum
598 1486 638 1517 M
651 1497 659 1524 ;
678 1491 750 1517 tum
766 1487 837 1518 bell.
851 1497 867 1525 ;
887 1487 988 1517 Mars
999 1487 1095 1517 haud
1103 1488 1198 1518 ausit
1209 1487 1335 1519 hiscere

138 1541 332 1573 Lambinus.
382 1549 430 1582 13.
456 1545 712 1574 Curculioniis
734 1543 805 1580 Bx;
830 1542 1092 1574 curcuslisdonis
1103 1552 1141 1573 or
1152 1553 1329 1574 curcuscu-

138 1597 262 1628 lidonis
277 1597 317 1628 M
328 1608 336 1635 ;
347 1598 603 1640 gorgonz’donitsss·
618 1598 666 1630 R.
725 1605 774 1638 14.
799 1600 896 1630 clut.
914 1598 973 1636 R;
991 1598 1329 1629 clutumzzvtarzdisar-

138 1653 248 1684 clzz’des
257 1653 307 1685 M.
352 1653 400 1685 18.
421 1656 644 1690 paniculum
652 1653 826 1684 Turnebus
839 1664 848 1690 3
859 1654 1052 1694 peniculum
1064 1663 1102 1685 or
1105 1655 1331 1694 pennz'culum

140 1709 190 1740 M.
254 1717 306 1749 23.
325 1712 362 1741 ei
377 1710 424 1741 R.
478 1717 529 1750 24.
555 1712 634 1741 nisi
649 1721 770 1741 unum
785 1710 844 1747 M;
863 1709 919 1741 the
934 1709 1153 1750 punctuation
1168 1710 1195 1741 is
1207 1710 1280 1742 that
1297 1711 1335 1742 of

140 1765 316 1797 Schreiner
326 1766 390 1807 (Fl.
402 1766 546 1807 Jahrb.),
558 1766 635 1798 who
650 1766 721 1798 first
731 1766 904 1808 explained
917 1766 983 1798 this
997 1777 1089 1798 verse
1104 1767 1305 1809 completely
1319 1778 1328 1800 ε

139 1831 195 1853 see
211 1822 343 1854 Comm.
357 1833 365 1859 3
390 1823 462 1853 nisi
473 1822 629 1853 Siculum
640 1822 876 1864 Umpsenbach
887 1822 952 1853 and
964 1826 1052 1854 most
1062 1827 1173 1854 recent
1185 1823 1329 1856 German

139 1877 230 1915 edd.‚
246 1877 324 1909 who
346 1887 436 1908 seem
452 1881 488 1908 to
502 1877 587 1908 have
610 1876 811 1908 overlooked
827 1877 883 1909 the
899 1878 965 1909 fact
981 1877 1053 1909 that
1069 1878 1125 1910 the
1134 1889 1162 1920 y
1176 1879 1210 1910 in
1225 1880 1329 1921 epity-

139 1945 218 1964 rum
246 1935 311 1975 (ἐπὶ
335 1935 431 1976 τῦρῷ)
457 1933 485 1965 is
510 1933 613 1974 long;
637 1934 663 1965 it
687 1934 715 1965 is
739 1933 876 1965 marked
899 1934 991 1966 short
1012 1934 1047 1966 in
1072 1935 1212 1967 Smith’s
1235 1936 1327 1968 Dict.

138 1993 332 2027 epityrum
356 2014 364 2021 .
394 2012 402 2020 .
430 2014 438 2022 .
462 1993 558 2021 bene
582 1990 620 2020 R
642 1989 677 2020 in
700 1989 752 2021 Fl.
770 1989 910 2031 Jahrb.;
933 1991 1043 2032 epityr
1062 1995 1126 2022 aut
1148 1992 1245 2032 apud
1266 1993 1328 2023 illa

140 2045 323 2076 §sturiensa
349 2046 469 2076 nebene
488 2045 537 2082 B;
562 2047 726 2077 estur-iens
739 2056 813 2077 ame
832 2046 912 2077 bene
926 2046 974 2084 C;
999 2047 1225 2080 z'llaesturiens
1248 2059 1326 2080 ane-

140 2101 217 2131 bene
231 2101 283 2140 D;
308 2108 583 2132 INSANUMBENE
598 2102 644 2133 A.
