1465 2361
81 1363 175 1394 Mar.

82 1406 168 1437 Hor.

82 1448 185 1478 Ham.

82 1491 124 1520 H
121 1501 166 1521 or.

85 1533 188 1563 Ham.

81 1575 167 1606 Hor.

81 1618 186 1649 Ham.

75 1747 167 1779 Αἶαν.

76 1833 177 1864 llam.

77 1917 159 1948 Hor.

468 181 537 219 IN
538 182 562 218 1
566 181 604 218 12
614 180 682 218 OD
692 180 732 219 U
731 180 910 220 OTION.
1185 180 1276 218 xliii

562 325 664 355 NUN
671 324 795 357 TIUS.

213 401 257 432 Di
275 411 438 439 maxumo,
459 410 522 440 ere,
544 405 576 431 te
593 404 739 431 mactent
756 400 949 439 infortunio,

214 444 279 484 Qui
297 443 501 474 tenebricosa
517 443 578 473 hac
595 447 694 473 noctu
711 453 763 473 me
780 442 888 473 emisti
905 443 1006 483 foras,

213 487 299 516 'suas
316 486 503 516 nuntiatum
520 496 594 516 erae
610 496 659 515 res
676 485 760 516 bene
779 489 889 524 gestas
906 485 1054 517 domum.

212 529 285 558 Nae
303 538 365 567 ego
381 527 481 558 hodie
497 527 609 558 infelix
626 527 676 557 dis
693 527 775 557 meis
791 527 985 558 iratissumis

213 571 291 601 Sine
308 570 374 601 ullo
390 570 567 611 praesidio,
587 570 643 610 qui
660 580 712 600 me
729 574 932 610 praestarent
950 570 1019 600 fore

212 612 429 649 1ncolumem,
448 622 597 652 egressus
613 612 692 642 suui.
739 612 783 642 Di
799 612 883 642 bene
901 622 953 642 me
970 612 1129 644 adiuuent

211 656 259 686 Vt
275 655 307 685 in
325 655 478 685 sudorem
495 655 607 685 soluor
623 665 699 694 prae
717 654 891 684 formidine
906 665 913 691 3

212 697 294 728 Sum
310 697 375 728 iam
392 697 500 727 hercle
516 697 607 727 libris
625 697 729 727 leuior
744 701 860 737 praeut
877 696 1003 727 dudum
1020 697 1066 726 fui

210 739 340 779 Viginti
358 739 470 780 pondo
486 750 493 775 ;
518 740 571 769 uix
589 739 741 779 equidem
759 739 800 769 ad
817 739 967 779 proprios
983 740 1085 770 Lares

210 783 367 812 Referam
385 792 437 812 me
454 782 674 812 dimidiatum.
722 782 819 811 Hanc
835 786 970 812 noctem
987 785 1170 822 perpetem,

210 825 321 864 Quom
338 825 534 865 Vesperugo
551 827 708 862 exortast,
726 828 885 864 quartana
902 823 1032 861 horreo,

209 867 310 897 Adeo
326 866 406 897 mihi
423 867 465 897 ad
481 866 592 897 lunam
609 867 652 896 ob
669 866 755 896 viam
772 866 898 896 obsitae
915 866 1047 897 arbores

208 909 312 949 Quasi
328 909 414 939 sures
431 913 540 939 essent
557 909 712 939 miserum
728 908 911 938 iniecerunt
928 912 1065 947 metum,

208 952 253 982 Et
271 951 470 991 tragularum
488 952 529 981 ad
546 951 732 991 exemplum
749 955 860 981 motae
876 950 1064 982 arundines,

207 994 348 1024 Ecastor
364 994 466 1034 pestis
482 993 572 1024 nulla
589 994 736 1034 adaeque
752 998 801 1023 est
820 997 919 1033 atque
936 993 993 1023 ubi

209 1036 317 1067 Seruit
335 1037 408 1076 quis
425 1036 617 1066 seruitutem
634 1036 722 1076 apud
739 1036 932 1076 opulentum
950 1045 1061 1072 e1·um;

207 1079 295 1109 Nam
312 1079 358 1108 illi
376 1078 509 1118 quidem
526 1078 612 1108 lecto
629 1077 756 1108 malaco
775 1077 891 1108 malaci
908 1077 1136 1119 obdormiunt,

206 1121 278 1153 Nec
295 1126 410 1152 curant
427 1121 516 1163 quod
532 1131 628 1152 seruo
644 1120 821 1152 exhibeant
838 1120 1022 1162 negotium.

418 1260 523 1287 ΠΑΡΑ
548 1259 822 1289 ΠΡΟΣΔΟΚῙΑΝ.

211 1362 299 1404 Quid
316 1362 386 1403 agis
400 1361 414 1393 ?

469 1406 599 1447 Ecquid
615 1406 747 1438 nuntias
761 1407 840 1439 noui
855 1408 868 1439 Ρ

822 1450 851 1482 O
869 1451 1038 1482 mirificam
1055 1453 1198 1485 fabulam
1212 1454 1219 1485 2

208 1491 312 1530 Facti,
332 1491 463 1529 amabo,
478 1491 546 1521 face
561 1502 622 1522 nos
637 1492 737 1522 simus
753 1492 843 1524 iuxta
859 1498 967 1524 tecum
984 1505 1149 1535 gnarures.

214 1533 377 1565 Minume.
424 1534 514 1564 Rem
530 1534 639 1575 palam
655 1535 776 1566 feretis.

688 1578 766 1608 Non
782 1588 856 1618 ego,
872 1578 918 1609 ita
934 1579 968 1609 di
983 1590 1036 1611 me
1052 1581 1221 1613 adiuuent.

213 1617 300 1690 Quid
316 1628 395 1682 eprgo
409 1618 421 1649 Ρ
444 1619 615 1660 Numquid
625 1619 751 1650 homini
763 1620 797 1650 in
808 1625 955 1652 mentem
966 1622 1031 1654 tale
1048 1629 1221 1655 uentumm

265 1665 312 1690 uit
327 1685 332 1690 .

211 1703 494 1734 Immemorabiles
510 1704 568 1735 sed
584 1704 672 1735 eritis
685 1704 699 1734 ?

765 1749 875 1780 Huius
890 1750 935 1780 rei
952 1759 1088 1791 superos
1104 1749 1183 1780 deos

201 1791 353 1822 Facimus
370 1795 482 1823 testes.

518 1834 627 1865 Nemo
644 1833 788 1865 Athenis
803 1834 886 1865 uiuit
903 1834 1225 1866 scelerosissumus—

202 1876 291 1917 Quin
305 1877 374 1908 fuat
391 1880 556 1907 ueterator
569 1877 657 1908 idem
674 1887 794 1908 merus.

798 1919 868 1950 Hui
882 1919 889 1950 ἔ
914 1929 981 1950 non
995 1929 1074 1950 usus
1091 1919 1147 1950 fuit

200 1961 336 1992 Mortuo
352 1962 407 2003 qui
424 1962 503 1993 haec
519 1961 705 1993 nuntiatum
721 1961 763 1992 ab
778 1962 888 1993 inseris
903 1962 1069 1993 rebiteret.
