1480 2366
109 172 179 210 III
202 175 217 209 1
244 175 420 209 181-189
448 171 625 209 MILES
656 170 982 209 GLORIOSVS.
1245 172 1289 210 71

111 276 250 315 Fuisse
268 277 446 326 adaeque
474 277 606 325 neque
632 276 804 313 futurum
833 275 1006 313 credam.
1062 275 1132 313 PE.
1161 275 1296 315 Credo

229 398 245 410 .
316 354 393 391 ego
414 341 515 380 istfic
535 342 712 391 quidem.

109 409 180 447 PA.
209 412 341 461 Atque
372 411 405 448 is
433 409 652 448 Alexandri
680 415 880 460 praestare
911 410 1115 459 praedicat
1144 410 1296 450 formae

316 488 439 523 suam,

108 544 250 593 Itaque
280 545 411 582 omnis
449 556 492 581 se
522 543 626 582 ultro
657 544 799 582 sectari
829 544 870 582 in
904 532 1069 594 Epheso
1101 552 1296 582 memorat

314 607 515 646 mulieres.

109 676 178 714 PE.
208 665 367 726 Edepol
398 677 466 725 qui
496 682 536 715 te
567 676 618 715 de
646 677 724 715 isto
751 677 866 715 multi
887 677 1053 728 cupiunt
1072 689 1155 716 non
1183 690 1294 716 men-

314 741 446 779 tfrier:

109 804 188 844 Sed
226 818 303 856 ego
341 808 396 844 ita
433 818 534 852 esse,
572 812 615 845 ut
651 806 766 853 dicis,
805 812 926 846 teneo
958 807 1107 857 pulcre.
1163 807 1293 857 proin,
1310 822 1358 855 780

317 872 546 917 Palaestrio,

108 935 238 984 Quam
258 939 378 987 potis,
400 944 480 975 tarn
510 938 632 976 uerba
660 939 800 976 confer
826 937 1011 977 maxume
1039 939 1090 977 ad
1116 939 1296 989 conpen-

315 1004 438 1041 dium.

108 1070 180 1109 PA.
208 1063 391 1121 Ecquam
432 1077 474 1110 tu
511 1071 619 1122 potis
656 1073 830 1122 reperire
867 1071 995 1110 forma
1037 1073 1174 1123 lepida
1209 1072 1296 1111 mu·

314 1139 465 1183 lierem,

109 1201 216 1249 Quoi
235 1202 468 1240 facetiarum
488 1215 548 1240 cor
564 1202 788 1252 corpusque
810 1203 860 1241 sit
875 1203 1039 1253 plenum
1059 1203 1099 1241 et
1119 1202 1235 1241 doli?

109 1270 179 1309 PE.
209 1259 489 1321 ingenuamne
519 1283 570 1308 an
608 1271 870 1309 libertinam?
924 1271 994 1309 PA.
1025 1271 1156 1321 Aequi
1194 1271 1296 1310 istuc

316 1337 473 1381 faciam,
496 1335 590 1374 dum
609 1336 736 1375 modo

151 1452 222 1493 776.
245 1456 368 1486 fuisse
393 1456 565 1489 adaeque
587 1452 730 1491 Gruter;
745 1453 862 1495 fuisse
879 1452 1031 1496 (fuisset)
1048 1456 1149 1495 atque
1168 1453 1293 1496 (aeque)

107 1508 158 1540 M.
290 1512 445 1546 quidem
467 1508 608 1548 Miiller3
628 1509 714 1539 z'dem
729 1509 780 1540 M.
958 1515 1029 1549 777.
1056 1513 1173 1546 atque
1188 1512 1224 1541 is
1239 1509 1294 1548 R;

107 1564 292 1605 z'taqueM3
315 1574 366 1607 cp.
388 1564 457 1605 136.
622 1567 767 1596 formae
791 1564 920 1606 Guyet;
936 1565 1058 1607 forma
1073 1564 1100 1596 C
1115 1575 1123 1602 3
1138 1563 1295 1606 formam

106 1623 185 1651 rest.
373 1626 445 1660 779.
470 1630 547 1651 non
569 1619 708 1650 MAFZ
723 1631 730 1659 3
749 1630 841 1651 nunc
855 1619 1030 1651 Acidalius
1046 1619 1112 1651 and
1127 1619 1171 1651 all
1181 1619 1295 1652 subse-

106 1679 208 1717 quent
233 1675 310 1707 edd.
356 1676 374 1706 Ι
389 1675 474 1707 have
501 1674 674 1717 explained
690 1675 724 1706 in
741 1675 797 1706 the
822 1675 1060 1717 Commentary
1075 1675 1133 1707 the
1157 1675 1296 1717 reading

107 1730 146 1762 of
165 1730 209 1762 all
233 1731 290 1763 the
314 1741 406 1769 mss„
423 1730 532 1762 which
556 1731 574 1762 1
600 1731 683 1762 have
706 1731 865 1764 restored.
1041 1731 1113 1772 783.
1137 1734 1296 1764 facetia.-

95 1793 192 1818 'rum
225 1786 342 1825 Cam.;
367 1786 545 1829 satz'arum
581 1786 640 1819 BC
654 1798 662 1825 3
678 1787 859 1830 facz'arum
894 1788 950 1826 D3
973 1787 1204 1830 fallaciarum
1226 1788 1256 1818 F
1257 1787 1294 1819 Z.

107 1852 171 1875 cor
194 1843 288 1876 Cam.
494 1845 565 1886 784.
590 1855 641 1877 an
662 1845 712 1884 F;
736 1847 823 1876 hanc
837 1846 888 1878 M.
1105 1848 1219 1883 aequa·
1233 1869 1242 1878 .
1259 1869 1268 1878 .
1285 1869 1294 1880 .

107 1902 198 1931 dum
226 1903 335 1932 modo
367 1900 426 1938 R;
451 1905 551 1942 atque
577 1902 662 1932 istuc
681 1901 861 1943 faciunda
889 1902 983 1933 modo
1012 1902 1060 1941 B;
1083 1906 1182 1944 atque
1211 1903 1296 1933 istuc

98 1955 231 1998 faciam
257 1956 434 1988 dummodo
458 1957 498 1989 C.
551 1957 584 1988 It
600 1957 626 1988 is
643 1958 733 1999 quite
754 1967 789 1989 as
811 1957 971 1999 probable
993 1958 1066 1989 that
1088 1968 1138 1989 we
1160 1957 1293 1997 should,

108 2011 189 2043 with
213 2011 253 2051 C,
280 2012 358 2042 read
376 2012 501 2054 facio:
524 2022 579 2044 see
605 2021 677 2054 220,
705 2021 777 2054 231,
807 2013 878 2055 738,
904 2014 1013 2045 where
1037 2024 1070 2044 m
1094 2014 1122 2045 is
1145 2012 1295 2055 wrongly

108 2067 286 2110 appended
303 2072 338 2099 to
361 2069 470 2100 words
495 2069 619 2110 ending
634 2070 667 2101 in
683 2080 702 2101 a
716 2070 833 2102 vowel.
880 2071 931 2101 ΒΧ
947 2071 1036 2111 gives
1043 2071 1179 2113 faciam
1194 2070 1229 2101 in
1243 2069 1294 2101 his

107 2123 173 2164 ed„
189 2123 251 2155 but
263 2127 394 2165 accepts
401 2124 498 2167 facio
512 2124 547 2156 in
561 2125 703 2157 Hermes
717 2126 780 2159 xiv‚
