1480 2366
119 204 219 242 1V⁵
249 203 376 241 29-37
428 201 605 239 MILES
638 199 964 238 GLORIOSVS.
1245 203 1317 237 113

118 309 213 347 Sine
231 307 335 346 filtro
354 307 502 351 ueniat,
525 306 732 355 quaeritet,
755 304 970 352 desideret,
992 304 1210 353 exspectet.

118 374 208 412 Nisi
229 374 395 423 perdere
416 373 531 410 istam
552 369 721 420 gleriam
740 370 814 415 uis,
836 369 956 420 quem
977 370 1115 416 habes,
1135 382 1234 408 caue
1249 371 1303 408 sis
1320 386 1383 413 1245

329 436 443 475 sexis.

119 504 224 541 Nam
243 502 341 540 milli
362 500 520 539 mortali
541 500 626 538 scio
647 499 846 549 obtigisse
866 499 946 537 hoc
966 500 1044 537 nisi
1066 499 1236 543 dubbus,

117 568 211 606 Tibi
232 568 271 605 et
291 567 444 604 Phaoni
465 566 627 611 Lesbio,
649 570 731 602 tam
751 563 936 602 mfilieres
956 570 999 601 ut
1015 563 1205 602 amerent.

118 633 192 671 Ac.
221 632 284 669 Eo
318 632 435 676 intro,
470 636 537 668 aut
573 635 615 667 tu
646 630 758 667 illum
791 630 870 668 huc
902 630 1029 667 euoca
1057 629 1176 675 fores,
1216 641 1305 667 mea

328 696 618 746 Milphidippa.

120 763 194 801 M1.
226 762 358 800 Immo
378 761 645 811 epperiamur,
668 760 763 798 dum
783 761 898 798 exeat
918 760 1078 810 aliquis.
1124 761 1199 798 Ac.
1221 760 1303 798 Du·

326 839 411 865 rare
430 827 590 875 nequeo

120 893 228 941 Quin
249 892 354 931 intro
370 905 471 930 eam.
528 891 604 929 M1.
637 891 850 930 Occlusest
871 892 980 929 foris.
1035 892 1111 929 Ac.
1142 891 1303 929 Exfrin-
1320 909 1385 935 1250

328 970 433 1006 gam.
490 957 566 994 M1.
599 956 704 994 Sana
728 957 811 995 nen
833 969 889 995 es.

119 1024 194 1061 Ac.
225 1023 265 1061 Si
303 1022 452 1060 ama'uit
488 1034 678 1071 umquam
716 1027 783 1060 aut
821 1021 855 1060 si
888 1035 1025 1071 parem
1064 1022 1302 1072 sapientiam

327 1088 449 1125 habet
467 1100 514 1125 ac
534 1088 716 1133 fermam,

121 1153 194 1192 Per
212 1153 389 1191 amerem
406 1154 439 1191 si
459 1153 555 1202 quid
576 1153 723 1198 fecero,
742 1152 932 1190 elementi
953 1152 1139 1201 ignoscet
1153 1151 1301 1190 enimo.

166 1325 257 1358 1244.
283 1320 480 1354 exspectet
507 1317 546 1347 M
560 1327 568 1354 ;
599 1317 638 1348 R
661 1316 789 1347 follows
814 1316 923 1347 Bothe
949 1316 983 1346 in
1008 1316 1146 1357 readiny
1170 1316 1226 1348 the
1247 1327 1306 1348 un-

121 1372 318 1415 rhythmical
340 1377 538 1413 expetessat;
564 1372 620 1403 the
638 1371 702 1403 last
726 1371 864 1413 syllable
885 1371 924 1402 of
940 1372 1101 1403 desideret
1118 1371 1147 1403 is
1161 1371 1239 1404 here
1258 1372 1307 1415 (as

121 1428 225 1470 osten)
242 1427 334 1468 long.
491 1434 583 1469 1245.
609 1430 688 1459 nisi
702 1428 740 1458 R
750 1438 758 1465 ;
782 1428 816 1458 si
828 1438 895 1458 non
911 1428 962 1459 M.
1108 1434 1200 1469 1247.
1225 1432 1307 1460 tam

121 1487 301 1516 mulieres
322 1487 367 1515 ut
386 1487 561 1515 amarent
583 1484 725 1524 Bugge3
749 1487 820 1514 tam
835 1484 952 1514 uiuere
966 1487 1006 1514 ut
1018 1488 1149 1515 amaret
1165 1484 1213 1523 B;
1237 1488 1307 1515 tam

122 1542 253 1570 muuete
267 1542 307 1569 ut
319 1543 450 1570 amaret
463 1539 524 1571 CD
536 1550 544 1578 ;
561 1542 630 1569 tam
641 1549 763 1570 uesane
780 1539 909 1581 (uiuide
924 1539 1046 1580 Bothe)
1062 1544 1102 1570 ut
1109 1544 1310 1571 amarentur

121 1594 178 1632 R;
195 1593 252 1625 the
264 1604 402 1635 passage
417 1594 444 1625 is
459 1599 518 1625 not
535 1594 698 1625 emended
713 1599 767 1636 yet
781 1605 790 1632 ς
809 1605 864 1636 qu.
881 1598 949 1625 tam
966 1596 1097 1626 uiueres
1108 1599 1149 1626 ut
1161 1599 1305 1634 amatus,

122 1660 160 1681 or
182 1654 223 1680 ut
244 1654 313 1681 tam
338 1651 497 1681 uz'ueretz's
520 1652 654 1682 amati:
681 1651 731 1682 for
757 1650 822 1681 this
849 1660 907 1681 use
933 1651 971 1681 of
990 1651 1105 1681 uiuere
1128 1661 1180 1691 cp.
1213 1658 1304 1691 1320.

127 1705 217 1747 1248.
242 1709 352 1738 illum
367 1709 442 1738 huc
457 1706 510 1738 Fl.
525 1717 532 1746 ;
552 1707 634 1737 illut:
648 1707 699 1738 M.
797 1710 866 1738 aut
880 1717 926 1736 an
942 1706 993 1737 M.
1096 1714 1187 1747 1250.
1205 1709 1308 1738 intro

124 1771 209 1793 eam
231 1761 287 1799 R;
314 1763 414 1792 etiam
439 1763 528 1793 intro
553 1762 604 1793 M.
736 1765 927 1794 occlusast
949 1765 1044 1793 foris
1066 1762 1113 1793 R.
1130 1773 1138 1799 ;
1162 1763 1309 1792 occlusae

123 1819 206 1847 sunt
208 1815 303 1859 foris
318 1817 367 1847 M.
500 1828 540 1849 es
556 1817 717 1858 Pylades;
741 1821 791 1848 est
803 1818 853 1849 M.
961 1825 997 1848 12
1001 1825 1052 1858 51.
1076 1821 1308 1854 sapientiam

125 1871 197 1908 Bx;
221 1873 420 1912 sapientiam
441 1874 496 1903 hic
517 1873 568 1904 M.
617 1873 655 1903 R
670 1877 746 1914 puts
761 1873 816 1904 hic
829 1873 942 1904 before
957 1878 1042 1914 sap,
1061 1874 1126 1904 and
1149 1873 1225 1904 thus
1241 1878 1307 1905 sets

125 1926 181 1957 the
204 1932 306 1958 metre
328 1927 426 1969 right,
452 1928 513 1959 but
535 1928 592 1959 the
608 1938 738 1959 women
752 1928 864 1959 would
884 1932 943 1959 not
960 1939 1017 1970 say
1031 1929 1095 1966 hic,
1112 1929 1174 1960 but
1190 1930 1255 1967 ille,
1274 1929 1313 1960 of

126 1992 189 2013 one
203 1982 314 2014 whom
336 1983 415 2025 they
429 1984 611 2025 pretended
633 1989 692 2015 not
708 1988 744 2016 to
765 1984 892 2016 believe
911 1989 946 2016 to
968 1985 1010 2016 be
1025 1985 1141 2016 within
1163 1985 1305 2016 earshot.

127 2042 162 2071 si
177 2042 325 2070 amauit
341 2040 433 2071 Cam.
450 2051 458 2077 ;
475 2042 655 2071 simulauit
667 2041 718 2072 M.
834 2048 870 2071 12
874 2048 925 2082 52.
945 2044 1122 2073 clementi
1137 2044 1309 2077 ignoscet

127 2096 256 2126 animo
278 2094 336 2131 R;
360 2095 512 2126 clementi
533 2097 646 2126 anz'mo
668 2097 814 2138 ignoscet
836 2097 911 2134 M.;
936 2097 972 2127 R
1000 2097 1107 2138 (Nene
1129 2096 1181 2129 Pl.
1209 2097 1307 2138 Exc.)

127 2149 252 2191 prefers
266 2149 440 2180 clementz'd
453 2152 565 2181 animo
581 2152 734 2193 ignoscet.

718 2219 732 2246 1
