1465 2361
155 161 281 198 xxxvi
522 160 660 197 ANTE
668 160 737 197 OD
747 159 786 197 U
786 159 878 196 ΟΤΙ
879 159 956 197 ON
955 189 961 196 .

224 263 291 295 180.
317 263 472 336 Pro-sego
498 267 535 294 ut
558 273 600 294 ne
619 273 787 304 quoquam
813 262 854 293 de
878 262 1012 302 ingenio
1036 262 1248 303 degrediatur
1268 272 1341 293 mu·

381 316 410 337 ιε
437 316 473 337 n.

224 369 292 402 195.
316 361 418 392 Domi
433 360 538 398 dolos,
557 360 648 392 domi
663 360 834 391 delenifica
849 359 945 399 facta,
966 359 1056 390 domi
1071 359 1226 391 fallacias.

224 417 291 458 196.
315 418 390 458 Ego
424 417 537 455 istaec,
574 417 601 448 si
634 417 695 448 erit
726 416 790 454 hic,
827 416 1001 448 nuntiabo.
1062 416 1121 447 sed
1158 415 1238 457 quid
1277 419 1338 453 est,

371 459 563 491 Palaestrio.

226 519 294 558 198.
320 519 490 590 Dumlego
505 517 586 549 mihi
602 517 737 549 consilia
752 517 786 548 in
796 517 941 548 animum
957 526 1105 548 conuoco
1121 521 1154 548 et
1170 516 1249 547 dum
1261 526 1340 548 con-

372 571 408 591 su
424 571 454 591 O.

224 625 295 648 222.
320 616 413 656 Coge
428 617 462 646 in
478 616 644 647 obsidium
659 615 847 656 perduellis,
864 614 985 646 nostris
1001 614 1201 656 praesidium
1216 624 1306 655 para.

225 680 297 713 237.
321 672 421 703 Nunc
451 672 496 702 sie
525 671 686 702 rationem
717 671 916 712 incipissam,
948 670 1033 701 hanc
1057 670 1226 701 instituam
1256 675 1344 701 astu-

373 715 464 745 tiam.

226 783 297 814 239.
323 774 442 804 Dicam
459 772 603 803 Athenis
620 772 792 803 aduenisse
808 781 883 802 cum
899 775 1045 802 amatore
1061 771 1172 813 aliquo
1188 781 1259 803 suo.

226 838 297 870 242.
321 829 380 868 Vt,
397 828 423 859 si
438 828 504 859 illic
519 827 772 859 conciiminatus
788 827 829 857 sit
846 827 1021 857 aduorsum
1037 826 1186 858 militem.

229 885 299 917 262.
323 885 413 932 Nam
430 884 485 914 ille
499 894 567 915 non
581 883 690 924 potuit
708 882 787 924 quin
805 892 956 914 sermone
972 892 1032 913 suo
1051 882 1194 924 aliquem
1209 881 1347 913 familia-

376 937 470 958 num.
611 938 616 943 ·

229 983 301 1014 280.
329 982 450 1014 Solus:
476 991 552 1012 nam
579 991 642 1021 ego
669 980 767 1011 istam
791 980 986 1011 insulturam
1015 984 1048 1011 et
1074 979 1274 1011 desulturam
1304 980 1349 1010 nil

377 1034 498 1055 moror.

230 1082 302 1114 282.
325 1082 393 1112 PA.
419 1080 518 1121 Quod
534 1079 568 1110 id
583 1083 633 1110 est
648 1078 800 1109 facinus?
846 1078 907 1110 Sc.
924 1078 1134 1120 Inpudicum.
1181 1078 1247 1109 PA.
1265 1079 1352 1110 Tute

378 1123 461 1154 scias
478 1122 539 1153 soli
555 1121 627 1153 tibi.

234 1188 306 1220 290.
331 1179 392 1210 Sc.
406 1179 561 1209 Profecto
572 1177 653 1209 uidi.
700 1177 766 1208 PA.
785 1177 906 1207 Tutine
921 1176 935 1207 ?
980 1176 1041 1208 Sc.
1053 1177 1208 1217 Egomet,
1223 1176 1353 1207 duobus

380 1221 469 1252 hisce
484 1220 587 1251 oculis
603 1219 697 1251 meis.

234 1285 306 1318 293.
330 1276 560 1349 Vefugnlenim
577 1280 613 1306 tu
628 1275 738 1313 istam,
756 1274 783 1306 si
799 1278 831 1306 te
848 1274 882 1305 di
897 1278 1019 1311 ament,
1038 1277 1160 1305 temere
1175 1273 1240 1304 hau
1256 1274 1355 1304 tollas

395 1329 413 1349 a
439 1329 460 1349 u
475 1328 539 1349 am.

236 1384 309 1416 303.
336 1375 402 1405 PA.
423 1374 590 1405 Certumst
606 1373 722 1404 facere.
772 1372 831 1404 Sc.
850 1371 917 1403 Hic
933 1375 966 1402 te
983 1371 1152 1412 opperiar:
1173 1370 1290 1402 eadem
1309 1371 1357 1402 illi

382 1416 516 1447 insidias
533 1416 632 1447 dabo.

237 1473 310 1514 308.
334 1473 424 1545 Dufm
440 1482 503 1512 ego
519 1472 552 1502 in
569 1471 688 1512 teg-ulis
705 1480 788 1509 sum,
806 1469 901 1500 illaec
928 1479 987 1500 suo
1013 1478 1048 1499 se
1072 1478 1112 1500 ex
1126 1467 1273 1510 hospitio
1288 1468 1358 1500 edit

400 1525 483 1545 oraS.

237 1579 309 1611 323.
336 1570 485 1607 Caecu’s‚
503 1580 570 1600 non
585 1569 772 1600 luscitiosus
787 1579 794 1600 ε
819 1577 896 1598 nam
912 1567 1002 1597 illam
1019 1566 1153 1607 quidem
1168 1565 1237 1597 uidi
1253 1566 1353 1597 domi.

240 1635 313 1668 355.
342 1627 409 1657 PA.
440 1628 489 1657 At
513 1630 626 1656 metuo
651 1630 687 1656 ut
713 1625 793 1656 satis
820 1624 863 1655 sis
888 1623 1039 1655 subdola.
1085 1623 1155 1654 PH.
1188 1622 1281 1654 Cedo
1306 1622 1360 1653 uel

387 1669 501 1699 decem
517 1668 677 1699 edocebo.

242 1724 315 1765 376.
339 1724 438 1755 Vnde
454 1724 519 1754 exit
531 1723 638 1754 haec?
691 1723 757 1754 PA.
786 1722 886 1753 Vnde
901 1721 962 1752 nisi
978 1721 1078 1752 domo
1092 1721 1105 1751 ?
1163 1720 1222 1752 Sc.
1249 1721 1362 1752 Domo

388 1767 455 1797 PA.
482 1767 541 1796 Me
556 1766 642 1798 uide.
689 1766 748 1797 SC.
777 1765 826 1795 Te
841 1764 950 1795 uideo.

243 1829 315 1862 397.
344 1822 403 1853 SC.
418 1821 534 1852 Timeo
551 1821 630 1862 quid
645 1831 752 1852 rerum
769 1820 924 1861 gesserim
939 1830 946 1850 z
963 1818 1010 1849 ita
1020 1818 1136 1849 dorsus
1147 1821 1237 1848 totus
1247 1817 1361 1858 prurit.

242 1887 314 1918 404.
341 1876 543 1917 Resipisces.
590 1876 617 1907 si
633 1877 675 1907 ad
689 1886 780 1907 erum
795 1875 921 1906 uenerit
931 1873 1011 1904 haec
1027 1883 1088 1910 res,
1106 1873 1228 1914 peribis
1239 1872 1363 1914 pulcre.

246 1942 318 1974 410.
349 1933 416 1964 Sed
432 1934 517 1963 fores
533 1933 631 1963 uicini
648 1932 798 1973 proxumi
814 1935 1027 1972 crepuerunt;
1055 1929 1276 1960 conticiscam.

247 1998 320 2030 439.
343 1989 413 2020 PH.
446 1987 592 2027 Egone?
639 1988 696 2018 Sc.
728 1988 779 2017 Tu
804 1996 856 2017 ne.
902 1986 970 2016 PH.
997 1985 1091 2025 Quae
1120 1983 1191 2015 heri
1220 1984 1367 2015 Athenis

393 2030 565 2072 Ephesum
581 2029 701 2060 adueni
715 2029 854 2069 uesperi.

247 2097 318 2128 441.
343 2087 431 2128 Quid
455 2087 507 2117 hic
534 2086 593 2116 tibi
617 2086 651 2116 in
674 2085 810 2126 Epheso
837 2088 887 2115 est
917 2083 1058 2121 negoti?
1102 2083 1165 2114 Ph.
1192 2082 1366 2115 Geminam

398 2138 586 2167 germanam
602 2138 719 2159 meam.
