1480 2366
187 206 232 240 18
520 206 560 242 T.
590 206 780 244 MACCI
797 207 910 245 PLA
923 207 1018 245 VTI
1128 210 1214 247 112
1242 214 1369 249 23-34

184 306 254 346 Me
278 310 458 359 periisse.
516 310 586 348 PE.
615 310 695 347 Vbi
716 311 812 357 abit,
844 313 1081 351 conclamo:
1114 314 1250 360 ‘heus,
1273 316 1368 365 quid

391 376 479 425 agis
500 374 560 414 tu'
582 376 747 426 inquam
770 377 834 415 ‘in
854 377 1046 427 tegulis?'

184 433 261 482 ille
280 443 379 481 mihi
399 444 541 482 abiens
561 443 617 482 ita
636 445 858 494 respondit,
881 447 923 483 se
943 447 1087 484 sectari
1108 446 1279 485 simiam.

122 517 170 543 180
184 509 256 549 PA.
284 508 371 549 Vae
390 509 489 547 mihi
515 511 675 555 misero,
697 510 794 560 quoi
813 512 1101 562 pereundumst
1126 512 1289 562 propter
1314 514 1372 550 ni-

392 575 465 613 hili
487 576 671 613 bestiam.

185 643 265 682 Sed
302 643 644 682 Philocomasium
682 643 819 682 hicine
858 645 978 682 etiam
1016 645 1123 684 nunc
1160 646 1256 685 est?

341 717 344 720 ’
392 707 463 746 ΡΕ.
493 708 627 755 Quom
648 709 820 754 exibam,
843 709 910 747 hic
930 716 1026 747 erat.

184 777 256 816 PA.
286 766 308 817 Ϊ
332 778 424 823 seiS,
455 778 549 815 iube
578 776 745 814 transire
769 777 846 815 huc
867 784 1060 826 quantum
1088 778 1229 828 possit,
1261 791 1304 817 se
1333 791 1372 817 ut

393 840 560 881 uideant
581 842 691 879 domi

183 911 437 950 FAmiliares:
455 911 533 949 nisi
551 911 715 960 quidem
731 910 800 947 illa
814 910 889 948 nos
902 911 999 956 uolt,
1018 912 1086 960 qui
1103 912 1207 949 serui
1223 923 1371 957 sumus,

113 1013 115 1016 Α
184 976 352 1027 Propter
369 989 547 1015 amorem
568 988 683 1014 suom
707 976 840 1014 omnis
861 977 1046 1014 crucibus
1070 976 1373 1017 contubernalis

393 1043 491 1080 dari.

123 1110 169 1143 185
184 1108 254 1147 PE.
284 1107 381 1146 Dixi
401 1119 479 1157 ego
500 1108 627 1145 istuc:
658 1106 738 1145 nisi
758 1107 855 1157 quid
875 1107 984 1145 aliud
1006 1107 1083 1145 uis.
1149 1107 1221 1146 PA.
1250 1107 1370 1145 Volo.

392 1173 473 1211 hoc
493 1174 530 1210 ei
552 1172 703 1210 dicito:

185 1238 372 1277 Profecto
392 1244 435 1276 ut
454 1251 505 1276 ne
526 1237 729 1288 quoquam
749 1237 801 1276 de
820 1238 988 1287 ingenio
1009 1237 1266 1287 degrediatur
1285 1236 1371 1274 mu-

392 1303 509 1341 liebri

184 1368 414 1419 Edrumque
446 1374 572 1406 artem
606 1374 646 1406 et
679 1368 936 1418 disciplinam
966 1368 1168 1406 abstineat
1199 1368 1346 1406 colere.

394 1433 464 1471 PE.
495 1433 626 1480 Quem
646 1433 697 1471 ad
717 1434 883 1471 modum
901 1434 918 1472 ?

185 1507 256 1545 PA.
286 1495 340 1545 Vt
358 1519 461 1552 eum,
490 1507 558 1555 qui
579 1518 622 1544 se
641 1506 708 1544 hic
736 1506 851 1551 uidit,
872 1507 1006 1545 uerbis
1034 1506 1183 1552 uincat,
1205 1518 1257 1544 ne
1277 1506 1310 1544 is
1331 1517 1374 1544 se

393 1571 566 1609 uiderit:

187 1636 229 1676 Si
249 1636 413 1688 quidem
433 1636 616 1675 centiens
637 1636 703 1674 hic
722 1636 809 1674 uisa
829 1636 891 1682 sit,
909 1642 1044 1674 tamen
1065 1635 1212 1674 infitias
1232 1640 1320 1674 eat:

233 1762 303 1794 180.
327 1766 388 1794 est
418 1762 494 1799 FZ3
517 1762 565 1792 sit
587 1762 638 1793 M.
823 1761 893 1794 182.
919 1764 934 1793 i
958 1765 1035 1794 seis
1062 1764 1151 1793 iube
1173 1761 1209 1792 A
1237 1760 1375 1802 (Gepp.)

184 1822 352 1851 transire
365 1821 441 1850 huc
456 1818 496 1848 M
509 1828 517 1855 ;
543 1824 808 1849 HVCTRANSIRE
823 1818 869 1849 A.
1002 1817 1072 1858 184.
1098 1821 1223 1850 omnis
1246 1809 1319 1849 obis
1333 1816 1374 1849 Β.

186 1878 272 1907 dari
296 1875 385 1906 clari
402 1874 453 1912 C;
486 1884 541 1905 see
557 1884 601 1905 on
624 1883 718 1905 verse
750 1881 763 1904 1
787 1873 902 1912 above,
920 1873 1030 1905 where
1055 1884 1105 1904 we
1130 1874 1198 1904 find
1213 1874 1305 1906 dibeo
1327 1874 1376 1905 for

185 1931 298 1972 clipeo,
435 1929 505 1961 186.
529 1929 651 1960 Found
665 1929 701 1960 in
714 1930 751 1960 A
767 1929 855 1970 only,
875 1929 940 1960 and
958 1929 1085 1970 judged
1100 1929 1252 1970 spurious
1266 1929 1312 1971 by
1327 1930 1375 1960 R.

191 1988 260 2027 187.
284 1990 482 2020 abstineat
504 1989 625 2018 colere
639 1987 696 2024 R;
720 1987 868 2027 optineat
880 1986 1013 2017 colerem
1032 1986 1179 2027 (colorem
1194 1987 1222 2017 B
1234 1986 1303 2026 Db)
1319 1986 1375 2023 M;

187 2046 275 2076 color
291 2049 341 2077 est
359 2045 436 2077 FZ.
571 2043 641 2075 188.
665 2043 747 2075 This
769 2053 862 2074 verse
888 2043 915 2074 is
943 2043 1019 2074 thus
1043 2043 1147 2074 found
1172 2043 1207 2074 in
1222 2044 1280 2083 A;
1301 2044 1327 2074 it
1349 2043 1377 2074 is

187 2107 279 2143 quite
294 2105 428 2142 corrupt
443 2100 477 2132 in
494 2101 544 2133 M.
667 2099 823 2140 189—195.
850 2099 959 2130 These
974 2109 1083 2130 verses
1099 2110 1153 2131 are
1168 2099 1330 2140 arranged
1344 2099 1378 2130 in

187 2157 245 2189 the
261 2156 358 2188 order
372 2156 540 2199 proposed
555 2155 600 2198 by
621 2155 662 2186 Β.
682 2155 846 2194 Schmidt,
865 2155 991 2197 quoted
1006 2155 1052 2197 by
1067 2155 1129 2188 ΒΧ.
