1449 2366
84 178 106 216 1
137 181 154 215 1
178 177 304 215 56-67
410 176 588 215 MILES
620 176 863 214 GLORIOS
874 176 948 214 VS.
1250 181 1272 214 9

84 282 154 320 Me
174 281 519 331 reprehenderunt
539 309 548 318 .
571 309 579 318 .
602 281 672 318 ΡΥ.
703 280 812 328 Quid
833 293 905 319 eae
925 280 1111 319 dixen'mt
1128 281 1202 319 tibi
1222 281 1239 319 ?

81 348 161 385 AR.
191 346 439 396 Rogitabant
455 359 463 384 :
488 349 498 367 ‘
513 347 649 384 hicine
667 346 849 384 Achilles
870 345 977 384 est?’
1008 345 1140 395 inquit
1159 346 1272 383 mihi.

83 416 94 433 ‘
109 413 240 451 Immo
260 414 345 450 eius
364 411 504 450 frater'
522 411 687 461 inquam
710 416 719 432 ⁴
736 412 821 449 est'.
880 412 936 449 ibi
957 412 1112 449 illarum
1132 411 1257 450 altera

85 481 95 498 ‘
108 477 218 527 Ergo
238 482 438 515 mecastor
457 476 596 526 pfilcer
614 477 695 515 est’
718 476 849 526 inquit
868 477 968 514 mihi

82 544 93 561 ‘
109 543 161 580 Et
182 542 383 580 liberalis:
413 542 520 587 uide,
544 542 741 579 caesaries
761 540 881 591 quam
902 542 1044 579 decet:
1286 556 1320 581 60

84 608 146 646 Ne
167 609 259 646 illae
280 613 371 646 sunt
390 606 627 653 fortunatae,
649 619 751 656 quae
771 619 862 644 cum
882 607 953 644 illo
974 607 1149 645 cubant?

83 673 152 712 Py.
184 674 299 711 Itane
319 673 428 710 aibat
447 672 645 710 tandem?
698 672 778 709 AR.
809 671 923 719 Quae
943 685 1008 710 me
1027 674 1172 711 ambae
1200 673 1272 711 ob-

288 737 545 782 secrAuerint‚

79 803 133 841 Vt
151 808 191 841 te
211 802 335 840 hodie
355 803 468 852 quasi
489 814 681 851 pompam
702 801 796 840 illac
815 800 1176 851 praeterdt'lcerem.

80 869 150 906 ΡΥ.
181 867 355 906 Nimiast
377 868 540 905 miseria
564 867 686 904 nimis
717 867 898 916 pulcrum
929 879 1018 905 esse
1046 867 1267 905 hominem.

284 933 364 970 AR.
393 932 508 970 Mihi

80 998 278 1037 Molestae
298 1003 390 1036 sunt
409 999 576 1036 ambae:
605 996 766 1044 Adeunt,
787 1002 914 1043 orant,
936 997 1163 1044 obsecrant,
1285 1008 1316 1039 65

79 1064 226 1102 Videre
246 1069 288 1101 ut
309 1064 453 1101 liceat:
483 1062 534 1100 ad
555 1074 644 1100 sese
663 1062 813 1100 arcessi
834 1064 995 1100 iubent:

78 1129 131 1167 Vt
150 1128 218 1166 tuo
239 1141 322 1166 non
344 1129 464 1166 liceat
485 1128 579 1166 dare
600 1127 765 1178 operam
785 1127 967 1176 negotio.

121 1278 171 1312 57.
198 1273 295 1303 mihi
309 1270 364 1310 A;
387 1271 452 1302 tibi
464 1270 516 1303 M.
606 1269 659 1312 58.
683 1273 740 1302 ibi
762 1271 820 1308 R;
846 1272 939 1302 inuit
952 1281 990 1303 or
1004 1272 1121 1303 innuit
1133 1272 1183 1304 M.
1228 1272 1270 1303 In

76 1337 105 1358 v.
128 1336 186 1367 104
208 1337 259 1358 we
285 1326 353 1358 find
371 1327 421 1358 sor
435 1326 574 1357 interibi
595 1326 652 1357 the
679 1326 887 1368 coiTuptions
904 1328 1068 1368 z'ntem'uz‘t,
1094 1327 1199 1358 interi
1220 1332 1269 1366 ut,

76 1384 181 1414 interi
193 1383 267 1414 iuz't.
313 1382 386 1413 The
409 1381 569 1413 omission
594 1382 632 1413 of
643 1382 795 1422 illarum,
813 1382 895 1413 with
911 1382 968 1414 the
983 1382 1209 1415 introduction
1237 1383 1275 1414 of

77 1439 202 1477 innuit,
219 1439 355 1476 annuit,
373 1448 411 1469 or
425 1437 513 1479 infit,
532 1437 592 1468 has
607 1437 694 1469 been
709 1437 766 1469 the
776 1437 872 1469 usual
887 1448 1002 1469 course
1018 1438 1119 1470 taken
1133 1439 1178 1481 by
1191 1439 1267 1471 edd.

74 1493 128 1526 60.
151 1497 241 1526 uide
273 1494 437 1536 Pylades;
474 1494 558 1524 uida
586 1497 619 1524 et
645 1494 696 1525 M.
843 1493 896 1525 61.
930 1497 998 1525 illo
1030 1494 1089 1532 A;
1125 1496 1186 1526 isto
1215 1495 1268 1528 M.

76 1551 128 1582 62.
156 1553 265 1582 aibat
286 1550 323 1581 A
339 1550 500 1591 (Gepp.);
523 1550 645 1580 alevat
658 1550 709 1581 M.
814 1560 913 1586 quae
935 1550 997 1589 M;
1019 1551 1104 1591 quin
1120 1550 1172 1581 Bx
1187 1551 1271 1582 after

74 1605 196 1646 Guyet.
283 1604 336 1646 63.
360 1608 449 1637 illae
472 1605 528 1642 R;
554 1605 616 1636 illd
638 1606 698 1642 M;
722 1604 784 1636 but
801 1606 862 1636 illa
882 1605 910 1636 is
933 1609 992 1636 not
1008 1605 1113 1636 found
1127 1606 1268 1637 without

75 1660 189 1692 correl.
208 1661 282 1693 hac.
330 1660 383 1701 64.
407 1663 505 1692 mihi
520 1661 568 1692 R.
613 1660 665 1701 65.
690 1664 879 1693 molestae
897 1685 905 1692 .
925 1685 934 1693 .
953 1685 960 1693 .
978 1664 1182 1693 obsecrant
1197 1662 1268 1701 Bx3

74 1717 226 1747 molestae
239 1720 343 1747 sunt:
358 1720 459 1747 orant
471 1716 629 1746 ambiunt
641 1717 813 1747 obsecrant
823 1717 863 1747 M
875 1727 883 1754 ;
900 1717 1066 1747 molestiae
1079 1721 1170 1758 sunt,
1191 1716 1266 1755 &c.‚

76 1771 134 1809 R;
158 1771 220 1802 but
234 1772 393 1802 ambiunt
413 1775 535 1802 cannot
551 1771 593 1802 be
616 1782 634 1802 a
658 1771 783 1812 dissyn.
800 1782 808 1811 ;
833 1771 943 1802 Isidor
958 1772 1113 1812 Hilberg,
1130 1772 1269 1812 reading

74 1827 238 1857 molestiae
258 1826 340 1858 with
355 1827 403 1867 R,
422 1831 575 1867 suggests
590 1831 692 1858 orant
706 1828 850 1868 plorant
870 1828 1046 1865 ambiunt;
1068 1837 1119 1869 cp.
1129 1828 1269 1868 plorare

73 1891 170 1912 orare
184 1882 260 1914 Ter.
278 1882 342 1914 Ph.
359 1882 396 1922 8;
420 1884 526 1914 clamo
535 1883 670 1924 postulo
686 1884 812 1914 obsecro
827 1893 883 1913 oro
898 1884 998 1923 ploro
1012 1887 1112 1924 atque
1126 1884 1268 1924 imploro

64 1937 174 1978 fidem
203 1936 313 1968 Caecil.
339 1946 422 1976 212;
447 1939 495 1969 ita
512 1938 681 1979 plorando
705 1939 833 1969 orando
855 1938 1012 1969 instando
1033 1942 1133 1980 atque
1153 1939 1266 1969 obiur-

69 1993 184 2034 gando
212 2003 263 2023 me
287 1994 417 2024 obtudit
440 1993 550 2025 Caecil.
586 2001 666 2034 1503
683 1994 802 2034 plorat
824 1998 900 2024 orat
926 1994 1046 2026 Asran.
1073 1993 1157 2034 2463
1190 2004 1267 2025 oras

73 2048 182 2078 ambis
209 2048 284 2080 Ter.
316 2049 424 2080 Andr.
457 2056 540 2089 3733
564 2053 664 2080 orant
692 2050 809 2080 ambae
833 2053 866 2080 et
887 2050 1058 2081 obsecrant
1081 2049 1264 2081 Fritzsche.

79 2102 132 2134 66.
156 2106 286 2136 uidere
301 2108 346 2136 ut
369 2105 496 2136 uiderit
505 2109 545 2137 ut
557 2105 609 2138 M.
