1480 2366
99 203 144 240 11
165 205 187 239 3
216 201 342 239 46-57
423 198 599 236 MILES
631 196 959 236 GLORIOSVS.
1237 197 1284 232 31

101 306 167 345 Sc.
192 293 314 353 ‘Quid
353 303 564 353 negotist?
619 302 690 340 PA.
721 301 830 348 Quid
868 300 1008 350 negoti
1046 299 1098 337 sit
1135 310 1253 348 rogas
1271 298 1287 336 ?

307 370 374 408 Sc.
405 369 486 407 Cur
504 367 587 406 non
608 380 748 416 rogem
767 367 783 405 ?

100 437 171 475 PA.
202 436 295 474 Non
317 442 359 473 tu
378 436 452 473 tibi
473 435 589 472 istam
620 433 891 483 praetruncari
917 431 1098 481 linguam
1125 429 1286 479 largilo—

307 499 426 550 quam
447 500 560 537 iubes
576 499 592 536 ?

100 566 168 605 SC.
208 565 339 613 Quam
370 564 423 603 ob
457 577 541 602 rem
579 564 739 601 iubeam
757 563 774 602 Ρ
830 563 901 601 ΡΑ.
945 561 1287 599 Philocomasium

307 631 445 668 eccam
467 629 590 673 domi,
613 641 732 677 quam
753 629 794 665 in
814 627 1011 677 proxumo

99 695 261 733 Vidisse
278 695 391 733 aibas
411 700 450 732 te
470 693 721 732 osculantem
740 698 860 742 atque
879 692 1178 742 amplexantem
1197 703 1286 728 cum
1303 706 1352 729 320

305 759 444 797 altero.

100 825 167 863 SC.
198 823 387 862 Mirumst
406 825 504 862 lolio
522 823 707 862 uictitare
726 823 765 860 te
785 829 866 860 tam
885 823 956 860 uili
977 821 1125 860 tritico.
1311 839 1361 857 ικ-

100 890 172 928 ΡΑ.
203 889 311 937 Quid
348 889 460 927 iam?
528 889 595 927 Sc.
626 889 731 937 Quia
768 888 1025 927 luscitiosu’s.
1092 889 1164 926 PA.
1192 888 1289 926 Ver-

308 949 418 995 bero,
442 949 589 998 edepol
609 949 650 986 tu
671 950 834 999 quidem

100 1012 282 1059 Caecu’s,
323 1026 407 1051 non
444 1014 698 1052 luscitiosus:
729 1027 824 1052 nam
855 1013 966 1051 illam
1000 1014 1166 1063 quidem
1202 1013 1288 1051 uidi

308 1074 432 1111 domi.

101 1138 167 1177 Sc.
198 1138 307 1186 Quid
328 1138 470 1176 domi?
525 1138 599 1176 PA.
628 1138 751 1176 Domi
772 1139 907 1176 hercle
930 1150 1041 1177 uero.
1097 1138 1166 1176 Sc.
1195 1138 1287 1183 Abi,

309 1202 414 1240 Isidis
434 1216 511 1248 me,
535 1203 767 1241 Palaestrio.

102 1269 173 1306 PA.
201 1267 306 1307 Tum
326 1269 425 1306 mihi
446 1274 539 1306 sunt
553 1281 694 1306 manus
715 1268 960 1317 inquinatae.
991 1267 1056 1305 Se.
1079 1267 1256 1314 Quidum
1273 1267 1351 1305 ?325

310 1333 381 1371 PA.
412 1332 518 1380 Quia
537 1333 632 1370 ludo
653 1334 750 1370 luto.

102 1397 168 1437 Sc.
198 1398 284 1436 Vae
317 1398 440 1447 capiti
471 1398 553 1435 tuo.
610 1397 681 1436 PA.
709 1397 789 1435 Tuo
817 1398 931 1443 istuc,
965 1396 1166 1443 Sceledre,
1198 1409 1288 1446 pro-

309 1462 424 1500 mitto
445 1463 542 1508 fore,

103 1527 193 1565 Nisi
214 1528 354 1566 oculos
374 1527 680 1576 orationemque
699 1525 779 1564 alia
798 1526 1008 1564 conmutas
1027 1527 1116 1564 tibi.

103 1593 182 1633 Sed
211 1595 317 1632 fores
348 1595 668 1643 concrepuerunt
695 1599 868 1631 nostrae.
925 1593 992 1632 Sc.
1020 1594 1074 1631 At
1099 1594 1176 1643 ego
1202 1594 1290 1631 illas

310 1658 605 1697 obseruauero:

145 1749 219 1789 318.
243 1758 320 1780 non
335 1752 380 1779 tu
395 1751 469 1780 tibi
484 1748 596 1779 Bentl.
609 1760 617 1787 ;
635 1748 684 1778 mi
699 1752 768 1780 tute
782 1749 853 1786 tz'bz',
871 1758 937 1779 non
948 1758 999 1779 me
1007 1749 1076 1786 tibi,
1094 1749 1176 1778 novi
1187 1748 1231 1779 ἆτ’
1246 1748 1296 1778 ibi

104 1804 155 1835 M.
328 1812 402 1844 319.
426 1806 581 1835 iubeam
603 1805 715 1835 iubeat
728 1805 779 1836 M.
923 1812 997 1844 320.
1021 1807 1132 1835 aibas
1154 1803 1288 1841 Bentl.;

103 1861 213 1891 aiebas
228 1861 278 1892 M.
378 1868 451 1901 321.
476 1864 567 1892 lolio
589 1861 804 1901 Fulgentius;
828 1862 890 1892 olio
905 1862 955 1892 M.
1045 1869 1118 1901 323.
1143 1860 1292 1892 caecu’s

104 1919 192 1946 cetus
206 1915 260 1955 D;
284 1926 375 1947 cecus
388 1920 474 1956 rest3
499 1926 555 1947 see
570 1926 601 1947 v.
621 1924 691 1949 100.
823 1920 932 1948 illam
947 1919 1101 1953 quidem
1116 1919 1198 1947 uidi
1214 1916 1289 1955 FZ;

105 1971 200 2001 illam
216 1971 350 2012 quidem
366 1972 426 2002 illa
441 1972 500 2010 M;
524 1972 633 2003 uiden’
652 1973 748 2002 illam
771 1972 924 2013 Bentley.
1111 1980 1149 2012 3²
1154 1980 1183 2012 5.
1208 1976 1292 2003 tum

104 2026 173 2066 Bc3
199 2030 268 2057 tam
284 2031 372 2064 rest;
398 2028 467 2058 iam
483 2028 531 2060 R.
649 2028 722 2068 326.
747 2032 815 2060 tuo
838 2029 890 2060 ΡΙ.
1004 2029 1078 2069 328.
1103 2032 1193 2060 illas
1209 2032 1288 2060 obs.

105 2082 153 2113 ila
171 2082 420 2123 vbseruisfores
443 2082 470 2114 C
482 2084 534 2120 D;
560 2084 633 2114 ilico
657 2085 890 2127 obseruifores
905 2086 934 2116 B
945 2085 999 2123 A;
1025 2086 1102 2115 illas
1116 2085 1296 2115 obseruauz·

96 2137 195 2178 fores
209 2137 257 2168 Bc
272 2148 280 2176 ;
299 2138 378 2168 illas
391 2138 525 2169 obseruo
533 2139 631 2180 fores
645 2139 674 2170 F
686 2140 722 2171 Z.
