1480 2366
633 192 828 231 NOTES.
1252 196 1324 230 143

139 306 172 337 4.
200 304 237 335 ῖς
261 307 304 327 αν
326 298 397 327 enti
419 306 574 326 nummos
598 319 606 327 .
633 318 643 327 .
670 319 678 326 .
704 296 742 326 id
765 295 846 327 Aul.
873 295 893 327 i.
919 303 948 327 2.
972 303 1035 336 30;
1059 295 1129 326 also
1154 295 1236 326 aster
1261 305 1323 336 any

142 307 524 376 numericafstatemene
542 348 577 369 as
592 337 670 369 here
693 337 758 368 and
780 349 887 369 annos
908 339 1084 379 sexaginta
1100 342 1203 368 natus
1217 347 1250 368 es
1263 343 1325 369 aut

135 382 220 422 plus
234 392 267 412 eo
282 382 357 413 Ter.
374 382 498 412 Heaut.
517 380 578 421 63;
602 390 639 412 so
655 379 725 411 also
747 390 828 411 even
851 380 948 412 when
964 381 1056 411 there
1076 381 1103 410 is
1124 391 1167 410 no
1188 390 1323 411 enume-

141 424 260 463 ration,
277 434 312 454 as
327 424 361 454 in
377 424 454 455 Aul.
471 423 552 464 prol.
571 422 601 462 8,
617 422 726 453 where
741 424 876 465 argenti
888 425 1110 454 thensaurum
1125 423 1153 453 is
1168 422 1321 453 followed

141 466 186 506 by
209 467 253 505 id,
273 466 338 497 and
354 471 400 497 tot
414 476 502 497 meas
525 466 672 496 iniurias
694 475 778 506 quae
801 466 876 497 Ter.
897 466 981 497 Hec.
1000 465 1044 496 iii.
1066 473 1092 497 1.
1139 465 1186 496 So
1202 464 1273 496 also
1289 465 1322 496 in

140 508 288 539 Cicero's
311 509 452 546 Letters,
476 509 683 540 sermonibus
706 531 714 539 .
740 531 749 540 .
776 531 785 539 .
811 518 896 548 quae
922 509 1017 539 Fam.
1042 507 1076 540 ii.
1102 507 1132 539 8.
1152 515 1189 546 2;
1213 512 1320 548 repre-

141 551 329 582 hensionem
352 575 360 583 .
385 575 393 583 .
421 575 429 583 .
454 552 491 581 in
513 561 577 591 quo
599 551 694 581 Fam.
712 550 733 581 i.
751 558 781 590 9.
802 557 840 589 73
865 551 1020 592 gravitas
1044 575 1051 582 .
1077 574 1084 582 .
1111 575 1118 582 .
1143 560 1219 580 cum
1243 574 1250 582 .
1277 575 1284 582 .
1313 576 1318 581 .

138 594 288 624 comitate
310 616 318 625 .
344 615 352 624 .
378 615 386 624 .
410 603 448 624 ea
472 593 512 634 Q.
539 594 594 623 Fr.
621 592 642 623 i.
675 601 702 623 1.
730 600 789 633 23;
821 602 976 624 accensus
999 616 1007 624 .
1032 615 1041 623 .
1069 615 1076 624 .
1102 593 1161 623 hoc
1183 592 1229 623 ib.
1262 601 1318 632 13:

133 636 314 676 publicani
333 639 365 666 et
384 636 466 666 socii
487 659 494 666 .
520 659 528 667 .
554 660 561 667 .
587 645 624 665 ea
650 635 694 665 ib.
723 636 784 675 36:
802 645 854 676 cp.
882 635 952 666 also
975 636 1096 666 musici
1109 635 1319 677 floruerunt,

138 678 369 719 discebantque
392 677 426 708 id
447 688 568 715 omnes,
585 678 684 708 Tusc.
708 677 729 709 i.
751 686 777 709 1.
796 687 834 718 4;
861 678 968 709 tritici
985 678 1134 708 modium
1157 684 1204 708 Lx
1225 678 1322 708 milia

140 743 148 751 .
174 744 182 752 .
209 743 217 752 .
242 721 324 751 dare
338 721 495 751 debebant
508 731 522 757 ;
545 720 604 750 abs
618 724 648 750 te
661 720 768 750 solum
785 720 955 751 remissum
973 725 1021 751 est
1032 721 1128 751 Verr.
1144 719 1184 750 iv.
1203 727 1260 756 20;
1280 721 1322 750 ab

139 766 260 794 neutra
267 766 368 803 parte
381 764 532 794 sescentis
539 763 624 803 plus
632 763 804 803 peditibus
825 767 857 793 et
876 763 1059 793 dimidium
1082 763 1150 793 eius
1173 764 1321 803 equitum

136 806 254 836 cecidit
267 805 338 837 Liv.
357 805 422 836 xxi.
447 813 506 846 593
530 815 606 835 cum
628 806 778 846 quinque
799 806 951 836 millibus
973 805 1063 847 quod
1078 815 1188 836 secum
1204 806 1319 836 traiec-

137 850 239 877 turus
253 852 326 878 erat
339 848 410 878 Liv.
433 848 508 878 xliV.
529 855 556 878 1.

180 914 378 948 rationem,
398 913 421 928 “
435 921 516 952 your
532 910 728 942 calculation
745 911 771 942 is
787 916 913 943 correct
926 911 966 942 ”:
988 922 1039 953 cp.
1060 912 1220 942 rationem
1231 916 1319 952 puta

138 954 242 985 Most.
259 954 281 985 i.
298 962 329 994 3.
352 962 431 995 1413
448 957 600 995 putatur
612 955 700 984 ratio
714 953 795 986 Aul.
813 954 859 986 iii.
878 962 908 995 5.
927 962 978 995 53.

179 1032 231 1063 44.
257 1025 323 1060 sic,
343 1026 457 1054 “even
473 1032 523 1061 so,
541 1021 681 1054 without
704 1033 723 1053 a
745 1023 875 1054 written
897 1023 1012 1054 record
1026 1024 1064 1053 ”:
1090 1033 1141 1063 cp.
1160 1024 1221 1063 qui
1231 1033 1322 1053 nunc

134 1066 183 1097 sic
207 1070 276 1096 tam
299 1075 332 1096 es
356 1065 511 1096 molestus
536 1065 670 1106 (“now,
695 1075 777 1096 even
800 1065 941 1097 without
956 1076 1012 1107 my
1027 1065 1138 1105 owing
1152 1075 1218 1106 you
1241 1075 1320 1106 any-

136 1107 232 1148 thing
244 1107 279 1150 ”)
294 1108 384 1139 Pers.
410 1107 442 1139 ii.
459 1116 518 1147 44:
538 1108 612 1138 nolo
627 1108 676 1138 bis
688 1108 818 1147 iterare,
834 1113 889 1138 sat
900 1110 948 1139 sz'c
964 1108 1116 1148 (without
1131 1108 1320 1149 repetition)

127 1150 227 1192 flunt
240 1149 509 1193 longaesabulae
523 1150 645 1181 Pseud.
663 1150 683 1182 i.
700 1159 731 1191 3.
754 1159 824 1191 154.
872 1152 918 1182 So
934 1151 1004 1183 Cic.
1023 1152 1118 1182 Fam.
1136 1161 1167 1182 v.
1185 1158 1236 1182 20.
1254 1159 1284 1191 4.

178 1226 230 1259 45.
255 1222 423 1255 optuma.
469 1219 506 1249 R
530 1218 607 1249 here
629 1218 724 1250 reads
747 1220 932 1260 optumad,·
953 1219 1014 1250 but
1037 1219 1152 1250 hiatus
1172 1219 1199 1250 is
1222 1218 1319 1250 abso-

134 1260 237 1302 lutely
253 1261 444 1292 admissible
459 1266 493 1292 at
509 1271 527 1292 a
542 1261 670 1301 change
686 1262 724 1293 of
735 1262 900 1303 speakers.

178 1333 285 1361 offae.
325 1330 402 1371 Offa
418 1329 446 1360 is
464 1333 485 1347 “
496 1339 515 1360 a
531 1329 614 1368 bit,”
635 1334 655 1348 “
669 1340 688 1360 a
710 1329 876 1361 mouthsul
888 1329 926 1367 ”;
953 1331 1042 1361 inter
1055 1340 1090 1360 os
1104 1333 1204 1370 atque
1218 1330 1319 1371 offam

134 1372 242 1402 multa
259 1373 464 1402 interuenire
472 1375 618 1412 possunt
631 1371 718 1403 Cato
734 1382 787 1413 ap.
808 1372 893 1403 Gen.
911 1372 978 1404 xiii.
1002 1379 1038 1411 17
1054 1388 1080 1400 =
1099 1375 1122 1390 “
1134 1372 1239 1403 'twixt
1255 1383 1320 1414 cup

134 1415 200 1445 and
216 1414 262 1455 lip
278 1414 403 1445 there's
419 1424 518 1455 many
533 1424 552 1445 a
568 1414 663 1455 slip.''
710 1415 854 1445 Monent
876 1429 901 1440 =
930 1415 1035 1455 “jogs
1062 1426 1117 1456 my
1132 1415 1315 1456 memory.”

133 1457 202 1488 For
217 1457 273 1487 the
289 1457 477 1494 sentiment,
495 1467 546 1498 cp.
566 1458 620 1487 nil
629 1461 666 1487 tu
682 1467 734 1487 me
742 1462 899 1487 saturum
915 1459 1085 1488 monueris
1097 1468 1112 1495 ,·
1136 1459 1278 1489 memini
1290 1462 1321 1489 et

135 1501 198 1530 scio
213 1499 290 1531 Cur.
307 1499 352 1530 iii.
372 1508 401 1539 3.
424 1507 472 1540 14.

175 1569 227 1602 47.
254 1566 549 1595 communicabo.
594 1563 667 1594 The
690 1563 785 1595 usual
807 1564 1033 1595 construction
1048 1564 1074 1595 is
1090 1574 1169 1596 com.
1185 1565 1320 1605 aliquid

130 1615 208 1636 cum
222 1606 346 1647 aliquo,
364 1616 401 1637 or
416 1607 505 1637 inter
516 1616 559 1644 se,
576 1605 638 1637 but
653 1605 723 1637 also
737 1617 818 1638 com.
835 1607 970 1648 aliquid
982 1608 1096 1638 alicui.

175 1657 227 1715 49.
252 1674 352 1706 Foret
373 1674 568 1717 forfuisset‚
594 1685 648 1706 see
674 1676 788 1707 Madv.
815 1676 892 1708 Lat.
916 1675 1028 1708 Gram.
1047 1683 1132 1717 3475
1156 1677 1318 1707 occideras

132 1716 182 1747 for
197 1718 373 1754 occidisses,
391 1728 444 1748 see
461 1718 576 1748 Madv.
594 1718 667 1758 348.

175 1793 226 1826 50.
252 1790 499 1826 peditasteui‚
515 1787 709 1818 diminutive
725 1788 953 1828 ospedz'taster
967 1787 1098 1828 (which,
1109 1787 1270 1825 however,
1290 1789 1316 1819 is

131 1832 191 1858 not
206 1827 334 1869 found).
358 1829 552 1867 Pedz'taster‚
570 1830 697 1861 formed
713 1830 796 1861 from
805 1831 916 1870 pedes,
934 1840 969 1861 as
984 1831 1122 1861 oleaster
1134 1831 1217 1862 from
1233 1832 1313 1870 olea,

132 1870 242 1901 would
257 1881 354 1902 mean
377 1881 397 1902 a
424 1871 627 1903 “wretched
642 1872 905 1910 foot-soldier’';
931 1873 987 1904 the
1012 1873 1204 1904 diminutive
1231 1873 1314 1904 form

133 1914 198 1952 (cp.
229 1914 367 1954 agellus,
398 1914 563 1955 cultellus,
595 1915 725 1953 ocellus,
753 1915 830 1956 &c.)
858 1925 1027 1957 expresses
1054 1926 1072 1946 a
1096 1915 1164 1946 still
1188 1920 1317 1956 greater

131 1954 250 1995 degree
266 1955 304 1986 of
314 1960 496 1997 contempt.
523 1957 570 1988 So
586 1956 620 1987 in
635 1957 738 1998 Epid.
752 1968 781 1988 v.
803 1966 829 1989 1.
850 1966 887 1998 14
903 1968 952 1989 we
968 1958 1036 1989 find
1049 1959 1280 2000 grauastellus
1291 1974 1315 1985 =

134 2001 155 2015 “
166 1998 204 2027 of
215 2007 258 2028 an
271 1997 350 2039 ugly
364 1999 585 2040 iton-greyish
597 1999 746 2037 colour,”
760 2000 868 2031 which
884 2000 911 2031 is
927 2000 1003 2031 thus
1020 2001 1147 2031 formed
1159 2012 1167 2038 ;
1182 2010 1316 2042 grauus

133 2040 264 2080 (rauus)
287 2054 314 2066 =
342 2041 445 2071 “iron
461 2051 539 2082 grey
552 2041 591 2079 '';
605 2046 787 2083 grauaster
810 2058 836 2069 =
861 2045 882 2060 “
898 2043 976 2084 ugly
991 2043 1209 2084 iron·grey;’'
1231 2053 1315 2085 gra-

133 2083 294 2129 u-astellus
307 2097 333 2109 =
350 2087 371 2101 “
382 2083 461 2124 ugly
475 2084 734 2125 iron-greyish.”
782 2085 854 2115 The
870 2089 953 2116 term
971 2090 1085 2123 -aster,
1103 2086 1137 2116 in
1153 2096 1171 2116 a
1194 2085 1312 2127 depre-

132 2128 256 2166 matory
271 2134 376 2164 sense,
400 2126 427 2156 is
450 2126 553 2157 found
567 2127 601 2157 in
616 2127 762 2158 Terence
778 2127 812 2157 in
822 2129 1048 2168 parasitaster
1056 2139 1070 2165 ,·
1092 2128 1126 2159 in
1142 2127 1258 2159 Cicero
1280 2128 1313 2158 in
