1480 2366
106 182 164 220 IV
186 186 203 220 1
236 184 362 219 34-42
433 179 610 217 MILES
642 179 712 217 GL
721 178 884 216 ORIOS
896 178 970 216 VS.
1245 181 1295 215 89

107 287 175 325 ΡΥ.
206 285 351 336 Cupio.
408 286 478 323 PA.
508 284 612 322 Tum
646 289 686 322 te
719 283 798 321 hoc
826 282 959 322 facere
992 288 1164 333 oportet.
1220 282 1295 320 tibi
1310 293 1359 325 980

313 351 541 388 diuitiarum
560 349 789 387 adfatimst:

106 416 207 456 Iube
227 418 304 456 sibi
324 429 460 454 aurum
490 421 610 466 atque
639 414 887 460 ornamenta,
910 426 1013 464 quae
1033 413 1091 452 ssli
1112 414 1297 452 instruxti

312 482 481 526 mulieri,

106 549 228 587 Dono
248 548 408 593 habere,
431 548 584 586 auferre
604 552 644 585 et
663 546 734 585 abs
754 553 794 584 te
813 546 924 592 abire,
948 559 1028 596 quo
1048 545 1184 585 lubeat
1204 547 1294 584 sibi.

107 614 176 651 ΡΥ.
198 613 334 652 Placet
352 619 395 651 ut
411 613 526 651 dicis.
585 612 655 650 sed
676 625 728 649 ne
746 611 781 649 e't
798 613 915 650 istam
935 612 1116 650 amittam
1137 618 1177 650 et
1196 612 1298 650 haec

311 679 438 717 mutet
458 679 592 723 fidem,

105 743 209 783 Vide
229 744 364 782 modo.
421 743 492 781 PA.
522 742 612 780 Vah
633 741 841 780 delicatu's
859 755 867 780 :
897 743 999 792 quae
1018 748 1057 780 te
1077 748 1158 780 tam
1178 754 1298 792 quam

312 808 452 846 oculos
472 814 592 846 amet.

106 875 175 913 ΡΥ.
209 875 346 913 Venus
370 888 435 913 me
464 879 583 912 amat.
641 874 714 912 PA.
745 873 801 920 St,
823 872 936 912 τάσει
966 874 1143 924 aperitur
1171 873 1360 921 fori81985

311 941 492 978 concede
514 940 591 978 huc
612 939 853 978 clanculum.

108 1004 224 1043 Haec
244 1005 361 1043 celox
381 1005 518 1050 iniust,
541 1016 645 1054 quae
665 1005 761 1042 hinc
783 1005 998 1054 egreditur,
1021 1004 1278 1050 internuntia,

106 1067 200 1120 [ΡΥ.
245 1069 359 1116 Quae
396 1070 497 1108 haec
536 1070 652 1108 celox
670 1070 687 1107 Ρ
742 1070 814 1108 ΡΑ.
854 1070 1058 1108 Ancillula
1093 1070 1201 1107 illius
1238 1071 1299 1107 est

312 1146 414 1183 quae
434 1135 530 1172 hinc
550 1134 754 1184 egreditur
773 1135 880 1173 foras
895 1133 927 1186 :]

105 1199 218 1247 Quae
237 1199 399 1240 anulum
420 1201 551 1238 istunc
570 1200 714 1246 attulit,
733 1212 852 1250 quem
867 1200 942 1238 tibi
959 1200 1066 1239 dedi.
1098 1200 1168 1238 ΡΥ.
1189 1200 1296 1238 Ede-

313 1265 382 1314 pol
403 1265 503 1303 haec
524 1266 689 1315 quidem

146 1407 220 1448 980.
245 1411 329 1439 tum
344 1407 371 1438 is
388 1407 485 1448 given
500 1411 536 1439 to
552 1407 610 1440 the
624 1408 727 1439 flIz'Zes
741 1408 787 1450 by
803 1409 854 1440 M.
1008 1409 1082 1449 981.
1106 1411 1299 1441 instruxti

106 1462 201 1495 Cam.
219 1474 226 1503 ;
253 1464 421 1494 instruxit
434 1464 484 1495 M.
645 1463 716 1504 982.
741 1467 847 1496 abire
870 1463 1030 1496 Ribbeck
1046 1466 1111 1506 (cp.
1131 1471 1204 1505 974,
1222 1472 1296 1505 979,

108 1519 214 1561 1208).
395 1522 545 1551 auferre
561 1523 600 1551 et
620 1519 798 1557 Ribbeck3
822 1521 958 1562 auferet
971 1521 1021 1551 M.
1224 1531 1300 1557 quo

104 1576 235 1606 lubeat
250 1575 340 1616 quod
353 1575 465 1606 lubeat
478 1575 511 1606 D
525 1585 532 1614 ;
557 1585 622 1617 quo
637 1576 749 1606 iubeat
762 1575 836 1614 CD,
854 1576 963 1607 which
978 1576 1014 1607 in
1036 1583 1095 1617 971
1122 1576 1196 1617 give
1211 1578 1302 1618 quod

102 1630 194 1661 iubet
209 1629 260 1661 for
275 1641 339 1672 quo
354 1631 453 1661 lubet.
650 1631 724 1672 983.
751 1635 790 1664 et.
813 1632 884 1672 Bx;
910 1632 948 1663 R
969 1632 1052 1663 after
1066 1632 1167 1664 Acid.
1187 1632 1299 1663 would

103 1686 223 1728 supply
238 1686 295 1718 the
320 1687 501 1729 deficiency
515 1687 550 1718 in
566 1687 623 1719 the
643 1697 735 1719 verse
750 1687 796 1729 by
809 1688 867 1718 sed
887 1689 987 1729 enim,
1005 1688 1067 1719 but
1084 1687 1149 1719 this
1171 1688 1298 1720 combi-

103 1740 217 1773 nation
237 1742 266 1773 is
288 1747 347 1773 not
363 1743 466 1774 found
481 1743 516 1774 in
530 1743 583 1775 Pl.
598 1754 606 1783 ;
631 1743 736 1775 Koch
750 1743 863 1774 would
878 1743 957 1775 read
974 1754 1031 1774 nec
1044 1758 1071 1770 =
1086 1754 1128 1775 ne
1149 1744 1297 1786 prohibi-

103 1795 179 1836 tive,
197 1797 248 1828 for
261 1798 370 1829 which
385 1798 479 1830 there
492 1798 521 1830 is
535 1808 580 1830 no
597 1798 775 1841 authority.
907 1799 981 1840 985.
1008 1803 1056 1839 st,
1074 1803 1159 1832 tace
1175 1799 1270 1831 Cam.
1288 1810 1296 1839 ;

102 1856 157 1882 ast
169 1856 238 1883 tace
255 1853 359 1895 (tacet)
376 1854 428 1886 M.
632 1857 806 1891 aperitur
821 1857 915 1886 foris
937 1855 1069 1892 Bothe;
1093 1857 1301 1896 aperiuntur

97 1905 190 1949 foris
205 1907 326 1950 (fores)
345 1909 394 1940 M.
499 1909 571 1950 986.
597 1912 688 1941 hinc
711 1911 766 1941 hic
781 1911 831 1942 M.
951 1911 1025 1951 987.
1050 1911 1132 1942 This
1154 1921 1245 1943 verse
1269 1912 1297 1943 is

103 1961 310 1994 condemned
325 1963 370 2005 by
385 1964 446 2004 Bx,
465 1965 574 2007 partly
589 1975 633 1996 on
649 1970 789 1997 account
804 1966 843 1998 of
853 1966 896 1998 its
912 1966 1018 1998 otiose
1033 1966 1214 2007 character,
1231 1967 1295 1998 and

103 2017 211 2058 partly
224 2017 365 2050 because
380 2019 431 2051 Pl.
445 2019 555 2051 would
571 2020 677 2052 either
691 2020 774 2052 have
789 2021 921 2053 written
930 2033 1016 2064 quae
1029 2024 1119 2054 celox
1137 2023 1184 2064 (as
1193 2033 1296 2065 quam

102 2074 244 2104 salutem
260 2075 381 2107 Pseud.
399 2076 421 2107 i.
440 2084 468 2117 1,
483 2086 544 2118 445
563 2088 666 2119 quam
674 2082 832 2120 pugnam
848 2079 869 2110 i.
884 2085 914 2120 5,
936 2081 1019 2120 112),
1038 2090 1075 2111 or
1090 2079 1201 2111 would
1213 2079 1297 2110 have

104 2129 184 2160 used
200 2129 256 2161 the
271 2130 474 2163 substantive
489 2133 569 2164 verb
585 2144 670 2174 quae
684 2134 764 2165 haec
779 2135 869 2165 celox
884 2139 940 2166 est.
