1480 2366
181 199 230 233 36
493 196 534 233 T.
564 195 752 233 MACOI
771 195 884 233 PLA
898 195 992 232 VTI
1078 239 1082 242 ¹
1120 195 1167 232 ΙΙ
1186 198 1209 232 4
1241 194 1365 233 18-27

182 300 296 347 Quae
315 313 404 338 cum
425 300 504 338 hec
531 301 674 338 insano
700 299 865 348 fabuler,
887 311 1007 350 quem
1027 299 1096 350 p61
1118 311 1196 349 ego
1223 299 1367 349 capitis

390 366 569 415 perdam.

184 429 250 469 Sc.
281 430 379 469 Noli
398 431 597 468 minitari:
628 429 714 468 scio
734 442 894 468 crucem
920 429 1090 468 futfiram
1116 429 1216 467 mihi
1237 427 1369 478 sepfil·

391 507 524 533 crum:

184 561 248 599 Ibi
285 560 366 598 mei
403 566 496 598 sunt
532 560 704 598 maiores
742 561 820 606 siti,
859 561 984 610 pater,
1031 571 1141 605 auos,
1182 570 1368 609 proauos,

392 625 556 664 abauos.

186 692 280 731 Non
301 692 471 742 pessunt
489 693 589 730 mihi
609 691 731 731 minis
751 693 828 730 tuis
848 692 962 730 hisce
981 690 1110 729 eculis
1130 689 1317 729 exsediri.

120 769 168 796 375
186 758 264 796 Sed
285 758 423 807 paficis
443 758 576 796 uerbis
596 759 636 795 te
655 758 775 796 uolo:
806 757 1038 803 Palaestrio,
1060 757 1231 795 obsecrc'>
1251 762 1303 801 te,

183 822 303 861 Vnde
322 824 404 861 exit
423 824 523 861 haec
541 823 558 861 ?
600 823 672 860 PA.
693 823 813 861 Vnde
832 822 911 860 nisi
931 823 1054 860 domo
1073 822 1090 860 ?
1131 821 1199 860 Sc.
1220 821 1371 859 Domo.

393 888 463 925 PA.
495 888 565 925 Me
584 889 691 926 uide.
748 888 814 926 Sc.
843 887 905 926 Te
923 887 1072 926 uideo:

186 954 276 993 Nisi
294 954 478 992 mirumst
497 955 665 1000 facinus,
688 954 768 1004 qu6
788 955 912 992 modo
932 954 1032 992 haee
1053 954 1147 992 hinc
1167 953 1246 992 hfic
1264 958 1372 991 tran·

394 1020 472 1057 sire
491 1019 634 1069 petuit.

188 1084 294 1122 Nam
313 1085 420 1122 certe
440 1097 573 1134 neque
599 1083 828 1123 soleiriumst
852 1084 958 1134 apud
978 1084 1053 1122 n6s
1073 1095 1206 1133 neque
1234 1083 1374 1121 hortus

394 1149 499 1188 {illus

189 1215 333 1264 Neque
361 1215 536 1253 fenestra
563 1214 641 1252 nisi
671 1213 847 1260 daneta,
876 1226 969 1252 nam
998 1219 1106 1252 certe
1135 1214 1213 1263 ego
1239 1218 1279 1251 te
1307 1213 1376 1250 hic

397 1281 503 1318 intus
523 1280 622 1318 uidi.

93 1397 97 1400 Β
127 1350 176 1382 380
191 1345 262 1383 PA.
303 1345 462 1394 Pergin,
503 1346 687 1390 sceleste,
726 1345 937 1383 intendere
974 1344 1080 1383 hanc
1117 1343 1318 1394 argfiere?

398 1410 475 1448 PH.
503 1410 674 1448 Ecastor
692 1411 789 1459 ergo

233 1527 307 1561 371.
331 1523 483 1552 fabuler
496 1520 533 1551 A
545 1531 554 1558 ;
562 1520 702 1562 fabulet
714 1521 743 1551 B
758 1531 765 1557 ;
775 1520 933 1562 sahulem
948 1523 1026 1552 rest.
1115 1526 1188 1561 374.
1213 1524 1379 1557 possunt

191 1575 228 1606 A
250 1576 315 1606 and
337 1576 399 1613 M;
425 1577 517 1616 potis
537 1580 585 1606 est
604 1576 652 1607 R.
793 1578 910 1607 minis
944 1579 1026 1608 tuis
1054 1577 1109 1613 A;
1142 1577 1298 1607 minaciis
1323 1576 1376 1608 M.

191 1637 297 1666 hisce
320 1638 441 1666 oeulis
456 1635 553 1671 AB;
577 1635 665 1665 hisce
687 1635 777 1665 oculi
799 1634 893 1672 CD;
917 1634 1010 1665 hosce
1032 1635 1140 1665 oculos
1158 1635 1196 1665 R
1214 1634 1259 1676 (in
1278 1634 1375 1676 Ed.),

190 1690 251 1721 but
273 1690 316 1721 he
339 1694 470 1731 accepts
487 1690 625 1731 (Opuse.
643 1690 677 1721 ii.
695 1690 770 1731 650)
793 1690 851 1721 the
872 1690 1010 1730 reading
1026 1690 1065 1720 of
1081 1691 1117 1720 A
1141 1689 1239 1730 given
1261 1690 1296 1720 in
1318 1690 1378 1722 the

193 1745 289 1776 Text.
334 1745 398 1786 Qu.
412 1746 500 1776 hisce
507 1746 703 1785 oculz'hz'sce,
716 1745 774 1776 the
788 1745 859 1777 first
874 1745 962 1776 hisce
975 1745 1077 1785 being
1089 1745 1155 1776 abl.
1171 1745 1253 1776 with
1263 1746 1378 1784 minis,

194 1800 252 1832 the
272 1801 396 1832 second
411 1811 501 1832 nom.
519 1801 600 1832 with
615 1802 712 1832 oculi.
885 1801 959 1841 376.
982 1804 1084 1833 unde
1107 1825 1116 1834 .
1141 1825 1150 1834 .
1176 1823 1185 1832 .
1208 1804 1321 1833 uideo
1342 1802 1380 1833 A

199 1855 291 1897 (with
301 1856 403 1886 uiden
415 1856 466 1887 for
475 1857 561 1894 uide,
573 1856 683 1887 which
697 1866 765 1887 was
781 1857 961 1897 suggested
969 1857 1015 1898 by
1026 1857 1063 1887 R
1072 1857 1106 1888 in
1116 1857 1219 1898 praef.
1234 1858 1352 1900 Stich.)
1368 1868 1379 1895 ς

196 1912 259 1943 hac
269 1912 336 1942 lzuc
345 1912 395 1942 for
409 1912 488 1942 haec
498 1913 547 1943 M.
624 1919 698 1952 377.
723 1914 802 1943 nisi
825 1915 1005 1944 mirumst
1019 1913 1059 1943 M
1070 1923 1078 1949 ;
1095 1920 1379 1944 NIMISMISERVM

196 1967 244 1998 A.
310 1969 404 1998 haec
419 1969 508 1998 hinc
523 1970 598 1998 huc
612 1967 649 1997 A
662 1978 670 2004 ;
694 1967 774 1997 haec
788 1967 843 1998 hic
857 1967 907 1999 M.
952 1970 1080 2004 potuit
1094 1967 1149 2005 A3
1167 1969 1318 2008 potuerit
1328 1968 1379 1999 M.

197 2029 271 2062 379.
296 2025 375 2053 nisi
404 2025 568 2053 clatrata
597 2021 781 2061 Angelius;
815 2021 982 2052 clathrata
1013 2022 1128 2061 Scut.;
1159 2023 1290 2053 clarata
1318 2023 1378 2060 M;

197 2083 499 2120 NEQVECLARATA
517 2077 560 2108 A.
612 2081 713 2108 certe
729 2077 774 2117 A,
793 2076 904 2108 Bentl.
918 2087 927 2114 ;
944 2081 1028 2107 certo
1043 2077 1093 2108 M.
1155 2077 1228 2117 380.
1252 2080 1380 2110 inten-

199 2136 287 2165 dere
303 2133 356 2169 A;
375 2133 557 2163 intenderet
569 2142 607 2163 or
622 2133 790 2163 intendere
803 2136 836 2163 et
847 2133 898 2163 M.
987 2143 1076 2168 ergo
1090 2132 1126 2163 A
1139 2143 1147 2170 ;
1171 2143 1228 2175 ego
1243 2133 1294 2164 Μ.
