1480 2366
155 216 227 251 124
521 214 562 250 T.
585 212 668 250 MA
679 212 776 251 CCI
792 213 904 250 PLA
919 213 1012 250 VT]
1085 213 1145 251 IV
1164 213 1187 252 7
1208 217 1337 252 48-58

147 320 217 357 PA.
249 318 332 357 Hei
351 319 464 364 mihi,
489 331 611 368 quom
632 318 745 356 uenit
773 319 828 356 mi
857 319 898 356 in
924 323 1117 364 mentem,
1138 324 1182 357 ut
1203 319 1339 358 mores

353 383 537 422 mutandi
558 384 677 428 sient,

145 448 367 488 Mfiliebres
415 450 548 487 mores
597 449 796 495 discendi,
856 449 1129 487 obliuiscendi
1179 448 1338 488 stratio-

352 515 438 552 tici.

66 592 130 625 1360
144 580 214 618 ΡΥ.
245 579 327 618 Ὲέο
365 581 419 618 sis
452 579 569 629 frugi.
641 579 712 617 PA.
743 579 830 618 Iam
864 592 947 618 non
985 592 1174 629 possum:
1217 579 1337 618 amisi

352 657 516 683 omnem
537 644 775 683 lubidinem.

144 711 213 748 ΡΥ.
244 694 279 757 1]
310 723 478 760 sequere
508 711 626 748 illos:
668 711 719 748 ne
751 723 921 749 morere.
978 711 1046 749 PA.
1085 711 1197 749 Bene
1229 711 1335 749 uale.

352 776 421 813 ΡΥ.
451 775 505 813 Et
524 781 567 812 tu
587 776 692 813 bene
711 776 814 813 uale.

143 840 214 878 PA.
246 840 408 888 Quaeso
433 846 477 878 ut
506 840 765 878 memineris:
796 841 829 878 si
849 841 952 878 forte
983 840 1087 879 liber
1112 842 1197 879 fieri
1217 842 1336 880 occe-

351 907 492 955 perim,

142 969 304 1008 Mittam
335 972 520 1008 nuntium
551 970 603 1009 §d
635 976 702 1009 te:
733 983 785 1009 ne
810 983 876 1009 me
904 971 1078 1010 deseras.
1136 972 1206 1010 ΡΥ.
1237 972 1334 1010 Non

350 1038 411 1074 est
430 1049 577 1074 meum.

141 1101 212 1138 PA.
243 1100 436 1150 Cogitato
457 1101 694 1147 identidem,
717 1102 791 1139 tibi
813 1101 932 1151 quam
953 1102 1085 1140 fidelis
1104 1101 1261 1141 ffierim.

62 1178 126 1212 ¹365
142 1166 182 1204 Si
213 1165 255 1204 id
281 1167 418 1212 facies,
454 1172 538 1204 tum
567 1167 730 1204 demum
759 1168 895 1213 scibis,
917 1167 993 1205 tibi
1020 1168 1088 1217 qui
1109 1168 1241 1206 bonus
1266 1168 1331 1214 sit,

349 1232 418 1281 qui
438 1232 579 1269 malus.

140 1297 210 1335 ΡΥ.
242 1297 336 1335 Scio
354 1310 362 1334 :
385 1298 572 1347 perspexi
594 1299 716 1347 saepe
735 1311 886 1345 uerum,
909 1311 1033 1348 quom
1053 1299 1237 1346 antehac,
1252 1302 1332 1336 tum

253 1412 265 1421 ¹
348 1363 473 1401 hodie
494 1362 693 1401 mdxume.

140 1428 211 1465 ΡΑ.
242 1428 374 1466 Immo
403 1429 528 1466 hodie
557 1441 622 1466 me
651 1429 790 1466 uerum
816 1429 966 1467 factum
992 1428 1086 1467 faxo
1106 1435 1200 1479 post
1219 1430 1332 1468 dices

346 1494 489 1542 magis.

139 1558 208 1596 ΡΥ.
230 1558 309 1596 Vix
328 1560 535 1608 reprimor,
558 1559 656 1608 quin
675 1559 715 1596 te
734 1571 898 1598 manere
917 1558 1090 1598 ifibeam.
1125 1560 1197 1597 PA.
1220 1559 1332 1598 Cane

347 1628 449 1665 istuc
469 1627 626 1665 feceris.

184 1810 275 1851 1358.
294 1814 358 1842 hei
374 1814 471 1843 mihi
486 1811 597 1842 Bothe
611 1822 618 1850 ;
637 1812 759 1843 haeum
775 1812 827 1843 M.
908 1818 999 1852 1359.
1019 1814 1230 1843 stratiotiei
1246 1811 1330 1843 Scu-

140 1867 241 1898 tarius
256 1878 264 1906 ;
289 1869 443 1898 statrz'osz'
460 1868 489 1898 B
503 1878 511 1906 ;
536 1869 687 1898 stratiost
709 1867 771 1899 CD
785 1879 793 1905 3
819 1868 875 1898 tui
897 1868 965 1899 FZ.
1126 1868 1219 1908 1362.
1245 1870 1331 1900 fieri

139 1926 347 1960 occeperim
357 1923 429 1961 FZ;
438 1923 527 1965 fieri
536 1925 695 1964 occeperit
709 1923 890 1965 (acceperit)
906 1924 956 1955 M.
1007 1923 1100 1963 1364.
1118 1926 1331 1956 identidem

137 1979 214 2017 FZ;
238 1979 319 2010 dent
329 1980 416 2009 idem
432 1979 483 2010 M.
555 1979 647 2019 1366.
673 1983 758 2011 tum
773 1980 840 2011 FZ.
891 1979 982 2019 1367.
1007 1982 1123 2010 immo
1139 1982 1253 2011 hodie
1267 1990 1329 2012 me

135 2045 271 2066 uerum
286 2035 357 2074 Bx3
373 2036 455 2065 scies
466 2036 566 2065 immo
581 2035 678 2065 hodie
692 2035 835 2076 (hodiem
852 2034 926 2076 CD)
941 2045 1056 2065 eorum
1072 2035 1123 2066 M.
1164 2036 1218 2066 Bx
1228 2035 1328 2066 holds

134 2091 214 2121 scies
236 2094 274 2122 to
288 2091 331 2121 be
347 2100 366 2121 a
382 2090 472 2131 gloss
496 2100 540 2122 on
555 2091 652 2129 dices,
670 2091 737 2122 and
752 2091 928 2132 accepting
949 2090 1005 2121 the
1021 2101 1143 2121 uerum
1158 2091 1198 2122 of
1215 2091 1323 2131 Cam.‚

132 2145 253 2177 inserts
275 2146 390 2177 before
412 2145 439 2177 it
462 2156 523 2184 me,
541 2146 651 2177 which
666 2146 694 2178 is
709 2146 871 2188 betrayed
885 2146 931 2188 by
946 2146 1088 2178 hodiem.
