1465 2361
430 185 502 223 IN
498 185 567 223 TE
576 185 645 222 OD
655 185 694 222 U
694 184 787 222 ΟΤΙ
787 184 870 222 ON.
1099 183 1241 221 xxxvii

120 289 194 329 448.
220 289 276 319 An
291 289 359 353 ista?
383 298 450 320 non
474 288 515 319 sit
540 287 818 319 Philocomasium
846 291 945 328 atque
967 287 1030 318 alia
1045 286 1159 317 similis
1173 287 1242 317 eius

272 336 352 362 Siet.

119 394 196 428 457.
223 386 387 433 Sceledre,
404 396 422 416 e
438 385 589 416 manibus
606 385 745 416 amisisti
760 384 917 426 praedam
932 395 939 415 :
964 388 1033 415 tarn
1058 387 1128 415 east
1143 393 1242 425 quam

270 433 368 470 potis.

125 493 196 524 534.
223 483 428 531 Conplexum
444 488 542 524 atque
558 482 774 514 osculantem.
800 483 863 514 PE.
882 483 957 513 Ean
971 481 1047 513 est?
1072 481 1130 513 Sc.
1153 482 1241 512 Nes-

272 536 334 556 cio.

123 582 196 612 621.
220 580 307 611 Mihi
322 581 446 611 amanti
460 581 506 610 ire
523 580 732 621 opitulatum,
750 583 849 621 atque
865 589 904 610 ea
920 583 952 610 te
967 580 1073 610 facere
1088 579 1242 610 facinora.

123 637 196 678 663.
222 637 358 678 Opusne
373 636 433 666 erit
449 636 511 666 tibi
526 636 689 666 aduocato
705 635 800 674 tristi,
818 635 976 666 iracundo
990 634 1004 665 ?
1027 645 1102 665 ecce
1118 645 1182 666 me.

124 692 197 732 696.
224 692 309 722 Tum
327 691 486 722 obstetrix
499 691 870 732 expostfflauitmecurn,
888 700 1002 732 parum
1018 690 1153 721 missum
1170 690 1242 722 sibi.

131 754 202 787 707.
229 747 308 777 Mea
324 747 412 777 bona
426 746 461 776 in
476 751 582 777 morte
600 746 750 786 cognatis
766 746 890 785 didam,
907 746 993 777 inter
1008 756 1065 777 eos
1080 746 1229 787 partiam.

126 802 199 842 848.
223 802 415 842 Numquam
431 801 550 843 edepol
573 801 641 832 uidi
656 811 817 842 promere.
862 811 976 832 uerum
991 800 1055 832 hoc
1071 804 1151 831 erat.

127 857 200 896 906.
225 857 294 888 Ac.
320 857 452 897 Nempe
501 856 662 888 ludificari
707 857 845 888 militem
893 861 987 888 tuom
1034 866 1125 887 erum
1172 855 1247 886 uis?

275 900 340 930 PA.
364 899 566 930 Exlocuta's.

110 966 199 997 1091.
226 957 352 997 Lepide
381 957 557 987 factumst:
590 957 654 988 iam
679 968 719 988 ex
748 967 899 988 sermone
924 956 988 988 hoc
1017 957 1248 997 gubernabunt

276 999 404 1030 doctius
419 1009 527 1040 porro.

109 1055 200 1085 1186.
223 1055 280 1092 Vt,
297 1054 323 1084 si
339 1054 423 1084 itura
439 1054 481 1084 sit
496 1053 660 1093 Athenas,
677 1058 730 1085 eat
746 1058 855 1085 tecum
871 1055 913 1085 ad
928 1060 1060 1096 portum
1076 1055 1153 1086 cito.

113 1112 201 1142 1216.
229 1112 294 1141 MI.
312 1111 388 1147 Era,
406 1120 517 1141 eccum
533 1115 665 1151 praesto
683 1111 833 1142 militem.
872 1111 942 1142 AC.
958 1110 1083 1142 Vbist?
1114 1111 1249 1142 M1.Ad

276 1152 416 1184 laeuam.
462 1153 531 1184 AC.
555 1153 676 1184 Video.

118 1216 205 1249 3312.
231 1208 299 1239 Vbi
315 1208 519 1280 pulc-{rrume
535 1208 588 1246 egi
604 1212 759 1247 aetatem,
775 1208 851 1238 inde
863 1208 956 1240 abeo.
980 1208 1044 1239 PA.
1063 1208 1128 1238 Em
1144 1208 1249 1239 homi-

279 1260 355 1281 nem
369 1255 393 1280 t1
419 1260 440 1281 1.

114 1314 205 1346 1359.
233 1305 415 1336 Muliebres
431 1315 538 1336 mores
555 1305 713 1344 discendi,
733 1305 950 1336 obliuiscendi
966 1305 1148 1336 stratiotici.

116 1361 206 1402 1376.
234 1360 343 1392 Stulte
360 1360 432 1396 feci,
450 1360 505 1401 qui
521 1360 608 1391 hunc
621 1360 725 1391 amisi.
771 1361 827 1392 ibo
842 1360 917 1392 hinc
932 1361 1019 1392 intro
1034 1361 1197 1392 nunciam.

636 1492 692 1531 V.

127 1590 145 1626 I
166 1590 245 1627 add
266 1601 289 1626 a
308 1589 382 1626 few
402 1590 659 1626 translations
685 1589 730 1626 of
745 1601 809 1638 my
830 1600 917 1625 own
938 1590 978 1625 in
999 1590 1067 1626 the
1088 1590 1186 1639 style
1215 1590 1262 1626 os

77 1643 249 1679 Plautus.
306 1641 324 1677 Ι
347 1641 445 1678 have
467 1641 681 1689 purposely
700 1641 937 1677 introduced
959 1641 1056 1677 such
1077 1642 1256 1679 metrical

78 1694 154 1731 and
172 1693 424 1742 prosodiacal
446 1693 617 1730 licenses
638 1704 679 1729 as
702 1693 719 1728 I
741 1693 895 1729 believe
916 1693 1076 1729 Plautus
1095 1698 1137 1730 to
1158 1694 1257 1729 have

79 1745 291 1794 permitted
313 1744 477 1780 himself
492 1750 534 1781 to
553 1756 636 1781 use.
692 1744 826 1781 These
847 1744 1103 1781 translations
1124 1745 1215 1788 will,
1238 1744 1255 1780 Ι

79 1797 198 1845 hope,
231 1808 352 1845 prove
382 1796 467 1832 that
494 1796 633 1833 Ihave
660 1808 683 1832 a
711 1796 816 1832 clear
844 1797 1088 1844 conception
1119 1797 1166 1833 of
1191 1796 1258 1833 the

80 1860 245 1885 manner
264 1848 308 1884 of
323 1848 392 1884 the
412 1849 541 1884 writer
559 1848 693 1884 whose
723 1848 828 1884 work
850 1848 867 1883 I
890 1848 989 1884 have
1008 1847 1198 1885 ventured
1218 1854 1259 1884 to

80 1900 174 1936 edit.
232 1899 249 1935 Ι
287 1905 436 1936 cannot
473 1899 567 1947 help
599 1899 788 1947 thinking
823 1899 910 1936 that
946 1911 1057 1936 some
1092 1901 1260 1936 modern

83 1950 256 1988 German
276 1952 425 1988 editors
445 1952 574 1987 would
589 1951 641 1988 do
662 1963 772 1988 more
788 1951 921 1999 wisely
937 1952 976 1987 in
993 1951 1084 1988 thus
1104 1952 1261 1999 writing

85 2014 214 2039 verses
244 2002 290 2039 of
304 2003 407 2039 their
435 2014 523 2039 own
544 2003 638 2039 than
660 2003 700 2039 in
731 2003 913 2050 showing
932 2003 1036 2039 their
1055 2004 1263 2051 ingenuity

85 2056 134 2102 by
171 2055 388 2102 re-writing
425 2054 596 2097 Plautus,
633 2055 711 2091 and
749 2054 846 2091 then
885 2055 1121 2103 publishing
1158 2055 1262 2091 their

82 2116 215 2142 verses
234 2105 361 2142 under
380 2106 441 2142 his
461 2118 578 2142 name
596 2118 659 2142 :—
