1480 2366
164 182 215 218 46
507 181 550 218 T.
579 181 663 217 MA
674 180 769 218 001
787 179 899 217 PLA
913 180 1006 217 VTI
1137 181 1183 218 II
1205 185 1227 218 6
1257 185 1358 220 6-24

166 284 235 321 PE.
267 284 362 323 Non
383 285 519 323 hercle
540 284 652 323 hisce
673 285 860 323 homines
880 285 945 323 me
964 297 1128 330 marem,
1151 285 1222 323 sed
1242 286 1359 324 femi-

374 362 467 387 nam

164 413 300 452 Vicini
321 420 456 452 rentur
474 415 563 452 esse
583 415 688 453 serui
707 414 872 453 militis:

165 479 228 516 Ita
247 480 311 516 me
331 480 552 517 ludificant.
609 479 795 517 meamne
815 480 882 518 hic
902 480 943 517 in
962 480 1030 518 uia
1048 479 1265 530 hespitam,

166 543 280 590 Quae
301 545 386 582 heri
407 544 485 582 huc
503 545 676 582 Athenis
697 557 788 583 cum
808 544 970 594 hespite
989 546 1156 583 aduenit
1174 558 1280 592 meo,

102 625 152 650 490
165 608 395 647 Tractatam
415 616 455 647 et
474 609 732 654 ludificatam,
755 611 973 659 ingenuam
996 616 1036 648 et
1055 611 1224 648 liberam
1239 611 1258 649 ?

166 673 229 712 Sc.
273 675 376 712 Perii
414 675 549 713 hercle
565 687 574 713 :
613 675 680 714 hic
716 675 768 713 ad
806 688 872 713 me
908 676 1016 714 recta
1051 676 1174 714 habet
1211 675 1360 715 rectem

372 741 492 778 uiam.

166 804 307 842 Metuo
328 804 445 842 illaec
465 805 565 843 mihi
585 817 647 843 res
666 805 718 843 ne
737 805 845 844 malo
864 805 1014 855 magne
1035 806 1130 851 fuat,

166 869 371 916 Quantum
392 869 498 908 hunc
517 871 654 908 audiui
674 869 806 908 fecere
825 870 1038 908 uerborum
1059 883 1211 909 senem.

168 934 237 972 PE.
266 935 472 973 Accedam
491 936 543 973 ad
563 936 784 973 hominem.
833 935 902 974 t1'1n
923 936 1110 974 Sceledre
1130 937 1209 981 hic,
1233 937 1358 974 scele-

375 1000 461 1038 r1'1m
481 1007 614 1050 caput,

102 1077 151 1103 495
168 1064 304 1103 Meam
324 1064 580 1104 ludificauisti
601 1065 804 1115 hespitam
823 1072 918 1104 ante
937 1066 1050 1104 aedis
1069 1066 1193 1104 modo
1209 1066 1226 1104 ?

167 1129 234 1168 Sc.
263 1130 421 1175 Vicine,
460 1131 641 1169 ausculta
677 1132 840 1181 quaeso.
910 1131 980 1169 PE.
1010 1131 1102 1181 Ego
1139 1131 1358 1170 auscultem

373 1196 447 1232 tibi
464 1196 481 1233 ?

167 1260 233 1298 SC.
264 1260 514 1310 Expurigare
533 1260 625 1299 velo
645 1274 723 1299 me.
780 1261 850 1299 PE.
879 1261 971 1299 Tim
990 1267 1030 1298 te
1051 1261 1276 1310 expuriges‚

167 1325 246 1372 Qui
267 1325 422 1364 fecinus
442 1332 595 1363 tanturn
615 1325 778 1375 tamque
797 1327 1012 1375 indignum
1032 1326 1176 1364 feceris
1193 1326 1212 1364 ?

165 1392 230 1428 An
251 1391 345 1439 quia
369 1389 678 1436 latrocinamini‚
699 1389 944 1428 arbitramini

103 1470 153 1496 500
168 1455 340 1502 Quiduis
361 1456 482 1494 licere
502 1455 635 1493 facere
654 1457 784 1500 uobis,
806 1456 975 1493 uerbero
991 1455 1009 1493 ?

168 1520 234 1558 Sc.
265 1520 433 1559 Licetne
449 1521 466 1558 ?
533 1520 604 1558 PE.
633 1520 687 1558 At
723 1521 780 1558 ita
815 1532 880 1558 me
918 1520 960 1558 di
998 1520 1179 1570 deaeque
1216 1521 1359 1558 omnes

374 1591 523 1631 ament,

167 1649 257 1688 Nisi
277 1650 377 1688 mihi
399 1651 640 1700 supplicium
659 1650 861 1700 uirgarum
881 1650 933 1688 de
951 1651 991 1688 te
1011 1650 1126 1688 datur

167 1714 354 1765 Longfim
375 1715 654 1765 diutinumque
673 1728 697 1753 a
715 1728 834 1753 mane
853 1716 903 1753 ad
923 1717 1136 1764 uesperum
1152 1727 1162 1753 :

168 1779 289 1828 Quod
309 1780 420 1818 mezis
440 1781 675 1830 confregisti
695 1781 885 1819 imbrices
904 1786 944 1819 et
962 1781 1131 1829 tegulas,

209 1896 285 1938 486.
307 1899 413 1929 hisce
435 1897 471 1928 A
484 1897 607 1939 (Gepp)
624 1898 675 1930 M.
763 1896 837 1938 488.
862 1900 904 1929 in
918 1899 986 1928 uia
1007 1897 1094 1935 FZ;
1120 1903 1286 1927 INVITAM
1299 1896 1358 1932 A:

168 1954 280 1984 inuita
295 1953 362 1984 and
377 1954 530 1984 inuitant
543 1955 592 1985 M.
722 1961 798 1995 497.
821 1957 1053 1990 expurigare
1070 1976 1078 1983 .
1098 1976 1107 1984 .
1126 1975 1135 1984 .
1153 1955 1361 1989 expuriges

167 2010 204 2040 R
222 2009 359 2050 (Opusc.
377 2008 411 2040 ii.
429 2010 526 2050 431);
550 2013 743 2051 expurgare
764 2009 838 2039 uolo
860 2019 921 2039 me.
967 2009 1032 2039 PE.
1057 2012 1138 2039 tune
1152 2012 1182 2038 te
1195 2012 1363 2049 expurges

167 2065 256 2095 mihi
268 2065 319 2096 M.
486 2070 558 2104 502.
583 2067 784 2101 uirgarum
805 2064 857 2095 ΒΧ
871 2063 953 2095 with
968 2064 1007 2094 M
1021 2074 1029 2101 3
1054 2065 1211 2104 uirgeum
1225 2063 1264 2094 R
1278 2063 1363 2094 after

169 2119 279 2152 Bentl.
928 2125 929 2128 ’
