1480 2366
172 223 243 259 120
513 222 553 258 T.
582 221 773 259 MACOI
790 222 903 259 PLA
917 221 1011 259 VTI
1098 222 1158 259 IV
1177 222 1198 260 7
1231 225 1356 260 13-19

167 311 220 360 Et
239 323 333 373 quia
351 328 484 361 tecum
505 322 612 361 erem
633 324 873 372 propteread
889 323 1026 361 &inimo
1047 336 1153 361 eram
1170 323 1354 363 ferocior.

167 389 268 428 Eam
302 391 555 428 nobilitatem
586 389 850 428 emittundam
883 391 1018 428 uideo.
1094 391 1164 429 ΡΥ.
1195 390 1259 429 Ne
1290 392 1354 429 fle.

376 456 452 493 ΡΗ.
483 455 578 494 Non
599 468 716 505 que0‚

90 536 152 561 1³²5
168 521 301 569 Quom
316 527 356 559 te
368 521 502 559 uideo.
543 522 612 559 ΡΥ.
636 521 756 559 Ηέῦε
768 521 921 559 bonurn
933 522 1124 559 animum.
1164 522 1240 559 PH.
1263 522 1357 561 Scio

376 599 454 636 ego
474 588 571 637 quid
592 586 727 624 doleat
745 587 857 624 mihi.

169 653 239 691 PA.
269 652 373 691 Nzim
394 653 451 690 nil
471 654 605 698 miror,
630 652 663 690 si
684 653 880 698 lubenter,
903 652 1259 698 Philocomasium,
1275 666 1356 690 cum

375 718 454 756 hoc
475 730 584 756 eras:

170 784 221 824 Sz·
234 785 363 822 forma
390 785 519 830 huius,
550 783 694 829 mores,
716 784 840 821 uirtus
868 782 1046 821 Animum
1074 785 1270 822 attinuere
1290 784 1357 822 hic

374 856 500 895 tuom,

168 915 302 963 Quom
322 928 401 965 ego
429 927 580 961 seruos,
611 913 774 964 quando
802 914 958 964 aspicio
987 913 1106 960 hunc,
1138 915 1356 953 lacrumem

375 982 469 1031 quia
489 980 745 1029 diifingimur.

168 1048 243 1086 PH.
275 1034 470 1092 Obsecro,
490 1047 584 1084 licet
604 1045 820 1094 conplecti,
839 1044 948 1095 prius
969 1057 1088 1095 quam
1108 1045 1357 1095 proficisco?

376 1113 445 1150 ΡΥ.
476 1112 603 1150 Licet.

211 1233 303 1267 1323.
327 1227 555 1262 propteread.
568 1223 607 1254 R
624 1223 680 1264 (N.
699 1222 750 1254 Pl.
769 1221 865 1263 Exc.)
881 1232 890 1259 3
907 1225 1085 1263 propterea
1099 1222 1151 1254 M.
1227 1225 1357 1254 animo

165 1282 295 1313 Nonius
310 1293 317 1320 ;
333 1282 487 1311 animum
503 1280 563 1318 M;
582 1280 686 1309 nimio
702 1278 748 1318 (in
763 1278 830 1320 ed.)
849 1279 896 1309 R.
1082 1285 1173 1318 1324.
1191 1288 1277 1310 eam
1290 1301 1298 1309 .
1316 1302 1325 1310 .
1345 1302 1354 1310 .

166 1348 244 1370 non
267 1348 363 1374 queo
390 1337 428 1367 R
452 1336 535 1367 aster
554 1334 784 1373 Lindemann;
807 1334 1012 1364 nobilitatem
1037 1335 1257 1365 amittendam
1279 1335 1359 1367 uide

165 1404 240 1425 oma
263 1394 320 1424 hec
335 1392 410 1435 flet.
428 1392 562 1433 Nequeo
586 1391 634 1429 B;
666 1391 807 1421 nobilita
829 1394 859 1420 te
880 1390 960 1422 uide
985 1390 1065 1421 lzaec
1077 1390 1130 1431 fle
1152 1391 1287 1433 Nequeo
1308 1393 1355 1432 C3

150 1442 370 1480 nobilitatem
387 1449 482 1479 uideo
497 1457 571 1478 orna
591 1447 649 1477 hec
655 1446 718 1488 fle.
741 1446 821 1476 Non
844 1456 924 1487 queo
946 1447 998 1485 D;
1022 1457 1044 1477 a
1059 1457 1101 1477 ne
1106 1447 1169 1488 fle.
1192 1448 1264 1479 Nec
1277 1459 1358 1490 queo

167 1506 232 1547 (ep.
250 1504 375 1536 Accius
392 1504 467 1542 620,
493 1503 604 1535 Caecil.
627 1503 699 1543 177)
722 1501 892 1533 Ribbeck.
939 1502 980 1532 In
1007 1509 1086 1543 1337
1102 1503 1199 1545 atflo
1220 1503 1254 1534 in
1275 1504 1314 1535 M
1330 1504 1357 1535 is

167 1561 336 1593 corrected
359 1561 403 1601 by
424 1560 462 1590 R
477 1563 512 1590 to
535 1558 713 1600 adflictor,·
736 1557 879 1599 perhaps
906 1557 983 1588 here
1010 1568 1060 1589 we
1084 1557 1205 1590 should
1231 1559 1276 1590 do
1300 1559 1358 1591 the

167 1628 257 1649 same
267 1617 348 1648 with
358 1617 437 1647 haec
447 1616 529 1656 (hec)
531 1615 583 1657 fle
595 1614 683 1657 (flet)
692 1624 707 1651 ,·
720 1614 796 1654 and,
810 1613 994 1655 supposing
1001 1615 1230 1645 amz'ttundam
1241 1615 1358 1656 (found

167 1674 246 1715 only
260 1674 295 1704 in
309 1674 352 1714 B)
372 1676 408 1704 to
419 1672 461 1702 be
477 1670 640 1708 unsound,
652 1670 731 1701 read
746 1670 949 1701 nobilitatem
965 1674 1006 1700 ut
1018 1671 1113 1701 uideo
1127 1671 1216 1702 lzanc
1229 1681 1358 1702 omnem

167 1730 333 1772 adflictor.
388 1727 442 1758 Ne
462 1727 525 1768 fle.
580 1726 659 1757 Non
684 1736 775 1767 quea.
828 1725 921 1756 Thus
950 1726 1108 1768 adflz'ctor
1134 1726 1245 1758 would
1273 1727 1359 1760 have

168 1785 253 1816 been
274 1783 451 1825 corrupted
472 1783 543 1813 into
566 1783 646 1812 haec
671 1782 750 1823 (hec)
766 1780 819 1822 fle
846 1781 934 1823 (flet)
957 1792 993 1813 as
1014 1781 1049 1812 in
1071 1789 1163 1823 1337,
1188 1783 1255 1814 and
1278 1783 1359 1816 then

168 1840 280 1872 would
295 1840 378 1870 have
393 1838 494 1870 fallen
516 1842 574 1869 out
596 1838 709 1868 before
728 1836 785 1868 the
801 1837 941 1877 genuine
964 1848 1004 1868 ne
1017 1837 1070 1880 fle
1084 1838 1193 1870 which
1214 1839 1356 1871 foHows.

173 1903 264 1937 1325.
290 1898 383 1932 quid
398 1895 512 1935 inquit
532 1894 571 1924 M
586 1905 592 1930 ;
617 1893 678 1923 but
690 1892 810 1930 below,
826 1901 919 1933 1343,
937 1892 1047 1924 where
1069 1893 1162 1925 these
1177 1895 1287 1926 words
1303 1905 1358 1927 are

169 1951 319 1993 wrongly
333 1951 500 1992 repeated,
517 1951 603 1991 quid
616 1949 644 1981 is
659 1950 757 1990 given
772 1948 942 1990 correctly.
1071 1948 1162 1990 1326.
1186 1960 1273 1982 eum
1287 1953 1358 1983 hoc

170 2008 242 2045 Bx;
267 2008 322 2038 lzz‘c
344 2007 405 2045 M;
428 2009 466 2036 tu
493 2006 547 2036 hic
570 2006 618 2037 R.
774 2012 865 2045 1327.
892 2008 926 2036 si
952 2005 1082 2045 Bugge.
1233 2016 1358 2038 mores

171 2073 292 2095 morem
308 2063 358 2093 M.
460 2064 654 2093 attinuere
668 2063 731 2092 hic
745 2062 886 2091 attinere
900 2060 955 2091 hic
970 2061 1020 2092 M.
1127 2060 1219 2101 1328.
1243 2072 1359 2098 quom

173 2145 180 2151 .
199 2144 205 2151 .
224 2144 232 2151 .
250 2122 457 2150 lacrumem
472 2118 530 2156 R;
554 2127 630 2147 cum
647 2116 768 2159 (quem)
786 2117 977 2147 lacrumum
994 2116 1045 2147 M.
1190 2118 1358 2152 diiungi-

174 2186 259 2207 mur
274 2175 367 2207 Cam.
380 2185 389 2212 ;
412 2174 619 2216 dzgungz'tur
630 2173 682 2205 M.
