1465 2361
42 457 93 487 M.

42 866 95 897 ill.

44 1131 97 1162 M.

47 1607 98 1638 M.

423 178 496 216 IN
492 178 560 216 ΤΕ
567 178 638 216 OD
647 179 687 216 U
687 179 779 216 ΟΤΙ
780 177 864 216 ON.
1095 175 1225 213 xxxix

212 373 1054 407 MILEs-PHILOCRATES-STASIMUS.

126 457 211 487 Tum
229 462 294 488 tres
310 457 422 488 simitu
439 467 513 487 cum
530 457 659 487 herbeis
676 456 795 487 tunicis
810 456 882 495 uiri,

129 500 190 530 Dis
206 499 288 530 meis
302 499 403 535 iratis,
422 499 573 530 homines
590 499 806 535 intestabiles,

129 543 164 573 A
180 546 273 582 tergo
290 542 396 572 adorti
414 542 522 572 ualide
539 553 590 572 me
604 542 730 572 infestis
746 546 864 582 petunt

128 584 333 619 Machaeris;
358 594 435 614 nam
452 585 535 615 adeo
553 584 758 615 tenebricosa
774 594 813 614 ea
827 593 894 614 nox
911 587 980 614 erat

128 627 207 657 Non
224 626 330 657 hercle
347 637 460 657 nosses
477 627 601 666 digitos
618 632 735 657 tuos—
780 627 816 658 P.
844 626 930 665 Eho,
950 624 1079 667 plenior

128 669 349 699 Periuriorum
366 680 464 710 quam
481 669 552 709 ipsa
568 669 870 710 Vaniloquentiast,

128 712 173 742 Et
190 721 286 742 mons
302 712 547 742 mendaciorum
566 711 871 742 manufestissume!

128 753 227 794 Quin,
247 757 355 784 totum
371 759 553 792 omentum,
574 755 738 790 dicedum,
756 758 789 784 et
807 758 913 784 totum
929 753 1048 790 lutum,

129 796 342 837 Stultiloque,
360 801 392 827 et
410 797 599 838 obstupide,
620 801 653 828 et
669 797 824 827 stercorei
841 796 911 826 sebi
926 796 1068 826 hama-

129 865 219 906 Quid
233 865 246 895 ?
291 865 383 896 Num
400 875 434 896 es
451 866 612 896 cerritus?
657 865 750 906 Quae
768 870 801 895 te
818 865 1032 906 intemperiae
1049 869 1162 896 tenent
1178 865 1191 894 ἓ

128 908 227 938 Enim
246 912 324 939 tune
341 908 397 949 qui
413 909 589 939 conuincas
605 919 683 939 uera
698 909 854 939 inuentus
869 908 931 939 es?

130 977 193 1007 Die
210 977 359 1018 quidum,
379 978 434 1019 qui
450 988 517 1008 non
533 978 679 1018 potueris
696 978 819 1018 digitos
836 983 910 1008 tuos

128 1021 212 1050 Prae
228 1021 373 1051 tenebris
390 1031 497 1058 nosse,
517 1020 605 1051 idem
622 1020 743 1050 herbea
759 1021 840 1051 istos
855 1031 928 1051 cum
947 1019 1080 1051 schema

128 1063 248 1101 Noris;
276 1063 358 1093 cedo
375 1068 579 1103 argumenta.
629 1064 664 1094 S.
690 1064 779 1103 Age,
799 1063 918 1093 amabo
934 1063 1169 1104 loqueredum!

130 1132 231 1162 Mene
247 1136 441 1170 argumenta
458 1132 597 1162 inuitum
615 1132 692 1163 dare
709 1136 741 1162 et
758 1132 907 1171 ingratiis
922 1132 928 1162 !

130 1173 264 1205 Nollem
281 1174 446 1214 equidem,
467 1174 493 1204 si
510 1175 608 1204 etiam
625 1175 739 1205 scirem
757 1185 828 1205 esse
844 1175 878 1205 in
893 1175 1018 1206 mundo
1034 1175 1116 1206 mihi

130 1217 196 1247 Tot
213 1217 435 1247 cruciamenta
453 1217 541 1257 apud
557 1216 783 1247 Acheruntem
801 1222 882 1257 quot
898 1217 1021 1257 cluent,

130 1259 218 1289 Dare
235 1263 430 1298 argumenta
446 1259 568 1289 inuitus
585 1264 683 1300 atque
700 1260 859 1299 ingratiis.

132 1302 185 1331 Ita
202 1311 254 1331 me
271 1301 305 1331 di
321 1301 490 1337 amassint,
508 1306 557 1340 ut,
576 1302 603 1331 si
619 1302 663 1332 mi
679 1307 766 1333 esset
783 1313 861 1342 prae
877 1313 976 1333 manu

129 1345 415 1383 Argumentorum
432 1344 527 1384 copia
544 1344 618 1384 alga
634 1344 739 1383 uilior,

131 1386 219 1416 Dare
237 1386 436 1425 denegarem
453 1386 575 1417 inuitus
592 1391 691 1428 atque
706 1387 866 1428 ingratiis.

135 1455 204 1486 Sed
220 1454 299 1496 quid
316 1465 379 1494 ego
396 1465 488 1485 cesso
504 1456 566 1486 hoc
583 1456 749 1497 apstinere
765 1467 782 1487 a
800 1467 851 1487 me
869 1456 972 1489 scelus
986 1458 998 1488 Ρ

132 1497 197 1528 Hic
214 1497 392 1528 muricidus
407 1498 508 1536 lurco,
527 1499 686 1529 lectorum
703 1499 890 1535 Acheruns

132 1540 360 1572 Canteriorum
376 1540 633 1580 lumbifragium,
653 1541 705 1572 hie
722 1552 830 1572 merus
846 1543 991 1584 adeps—-

133 1608 204 1638 Vae
221 1607 294 1646 tibi,
314 1607 490 1638 ieiuniose!
515 1619 577 1639 uae
594 1610 693 1640 aetati
711 1615 795 1649 tuae,

134 1651 316 1690 Mastruga,
335 1660 461 1687 maena,
480 1661 540 1682 uae
557 1651 658 1691 ligula
674 1653 845 1683 muriatica

134 1692 282 1723 Vitulina
297 1693 302 1722 ἔ
328 1693 385 1733 qui
401 1693 445 1723 mi
461 1704 524 1724 vox
540 1694 578 1724 iis
595 1695 692 1724 rebus
708 1701 864 1735 suppetat

132 1735 272 1765 Vnorsis
287 1745 368 1776 quas
386 1736 427 1766 tis
444 1746 515 1766 esse
532 1736 653 1767 similes
670 1742 838 1768 autumem
853 1738 860 1769 !

134 1777 275 1817 Vagina,
295 1778 481 1815 toxoiheca,
501 1784 571 1809 tum
588 1779 679 1809 nihili
696 1790 853 1810 uerum—-

138 1845 334 1875 Anhelitum
351 1856 430 1885 ergo
448 1847 566 1887 recipe,
584 1854 616 1877 et
633 1848 682 1878 eia
697 1848 703 1878 Ι
730 1849 850 1880 denuo.

135 1888 180 1917 Et
197 1888 348 1928 exempla
365 1889 472 1929 turpia
489 1890 544 1919 ubi
561 1890 697 1920 adfatim
714 1891 941 1930 cumulaueris‚

137 1929 211 1960 Hoc
228 1930 374 1961 animum
392 1932 547 1963 aduortas
563 1933 653 1975 quod
668 1933 797 1975 loquar.
843 1934 880 1966 S.
906 1936 994 1967 Hem
1008 1937 1014 1967 1
1039 1936 1102 1970 hoc
1119 1949 1191 1981 age.
