1480 2366
172 200 221 235 92
513 200 555 237 T.
585 199 776 238 MAOOI
793 200 905 237 PLA
919 200 1014 237 VTI
1103 199 1162 238 IV
1190 203 1213 237 2
1237 202 1363 238 15-23

90 313 152 339 1005
172 303 242 341 PA.
273 304 440 342 Priusne
461 317 580 355 quam
601 306 730 344 oculis
749 305 828 344 tuis
848 306 1013 344 uidisti?
1067 305 1137 344 ΡΥ.
1167 305 1301 344 Video
1321 306 1363 344 id

379 371 488 420 quod
505 370 627 409 credo
647 372 722 409 tibi
739 383 748 409 τ

169 443 273 481 Tum
294 444 394 482 haec
416 445 599 483 celocula
618 444 688 482 ssla
707 446 875 484 absente
897 444 1049 495 subigit
1067 458 1133 483 me
1152 450 1195 483 ut
1215 457 1360 483 amem.

379 509 451 547 PA.
483 510 635 548 Hercle
655 509 759 548 haine
779 510 945 560 quidem

170 582 239 620 Nil
276 588 318 621 tu
353 585 544 621 amassis:
574 584 631 622 mi
668 584 769 622 haec
803 585 1057 635 desponsast.
1113 584 1188 622 tibi
1227 585 1260 623 si
1293 585 1363 623 illa

377 649 500 687 hodie
520 649 712 699 nupserit,

164 711 258 772 Ego
279 724 384 762 hanc
413 727 608 763 continuo
632 724 798 763 uxorem
819 725 977 763 ducam.
1034 725 1104 763 Pv.
1135 725 1244 772 Quid
1264 737 1363 775 ergo

380 790 485 829 hanc
504 791 664 829 dubitas
685 790 910 840 conloqui?

106 916 109 917 γ
169 862 238 900 ΡΑ.
262 862 438 913 Sequere
458 864 534 927 hec
554 877 619 902 me
639 876 750 914 ergo.
807 864 877 902 ΡΥ.
901 864 1149 915 Pedisequos
1168 865 1243 902 tibi
1258 876 1359 903 sum.

376 928 453 966 M1.
482 929 659 974 Vtinam,
682 929 827 979 quoius
846 929 975 979 gratia

85 1016 149 1041 τωο
169 1002 291 1040 Foras
318 1014 405 1040 sum
427 1015 600 1053 egressa,
627 1003 903 1042 conueniundi
928 1003 1029 1042 mihi
1062 1008 1243 1054 potestas
1269 1005 1361 1042 eue-

373 1074 455 1106 nat.

167 1143 238 1181 PA.
268 1142 355 1181 Erit
385 1145 425 1182 et
455 1144 528 1181 tibi
562 1149 796 1194 exoptatum
827 1144 1037 1194 obtinget:
1068 1145 1221 1183 bonum
1254 1144 1361 1182 habe

373 1208 565 1255 Animum,
587 1222 639 1248 ne
658 1209 844 1248 formida.

168 1281 307 1320 Homo
353 1282 557 1332 quidamst
594 1284 662 1333 qui
700 1283 789 1327 scit,
835 1283 944 1333 quod
990 1284 1149 1332 quaeris
1184 1284 1254 1322 ubi
1293 1283 1358 1322 sit.

375 1347 451 1385 M1.
483 1348 613 1395 Quem
635 1361 714 1398 ego
734 1349 801 1386 hic
821 1349 958 1386 audiui
977 1349 994 1386 ?

167 1421 237 1459 PA.
268 1421 513 1460 Sociennum
545 1428 703 1460 tuorum
742 1422 1003 1461 consiliorum
1043 1428 1083 1461 et
1119 1422 1357 1473 pz'trticipem

372 1487 622 1526 insidiz'zrum.

212 1652 303 1686 1005.
337 1648 475 1678 uidisti
508 1645 571 1684 ΒΧ,
602 1645 680 1677 who
710 1645 809 1677 omits
840 1646 936 1677 illam
972 1646 1011 1677 of
1034 1646 1074 1678 M
1103 1646 1217 1678 before
1242 1647 1357 1678 oculis.

167 1701 258 1732 1006.
283 1705 368 1733 tum
384 1725 392 1733 .
413 1726 421 1734 .
441 1725 449 1733 .
468 1712 592 1734 amem
613 1702 667 1733 ΒΧ
681 1702 766 1733 after
780 1703 899 1743 Bugge
915 1702 1050 1743 (Philol.
1067 1713 1141 1735 xxx.
1160 1703 1256 1745 65o);
1281 1714 1358 1735 cum

164 1757 221 1788 hec
235 1759 361 1789 elocuta
378 1759 499 1799 (locuta
509 1759 552 1800 B)
571 1759 668 1789 illam
683 1762 795 1789 autem
810 1759 976 1790 absentem
991 1760 1121 1801 subigit
1133 1771 1185 1791 me
1199 1764 1240 1791 ut
1248 1771 1357 1792 amem

163 1813 202 1844 M
216 1824 223 1852 ;
242 1824 322 1844 nam
338 1813 418 1844 haec
433 1815 557 1845 lacerta
568 1815 705 1855 (locusta
720 1814 909 1856 ffiessling)
920 1816 1025 1846 mullo
1039 1816 1171 1846 absente
1179 1827 1231 1847 me
1245 1817 1358 1859 adigit

161 1878 195 1899 se
224 1872 264 1899 ut
291 1879 399 1900 amem
424 1869 471 1901 R.
672 1877 763 1910 1007.
788 1874 1018 1908 desponsam:
1046 1872 1097 1909 B;
1128 1873 1360 1913 desponsatast

162 1924 237 1957 CD.
372 1933 463 1966 1009.
490 1930 617 1962 gratia
641 1927 781 1966 Mffller3
804 1937 907 1958 causa
922 1928 971 1959 M.
1094 1936 1185 1961 1010.
1215 1933 1357 1962 euenat

162 1980 219 2019 R;
243 1981 378 2012 eueniat
390 1981 441 2012 M.
650 1989 742 2024 1013.
767 1986 988 2015 sociennum
1011 1984 1147 2026 Haupt;
1169 1986 1293 2016 sotium
1310 1985 1357 2028 (=

160 2037 296 2078 socium)
315 2046 353 2067 or
366 2037 529 2068 sociorum
545 2037 595 2070 M.
785 2041 1015 2071 insidiarum
1038 2040 1175 2082 Haupt;
1198 2043 1354 2073 consilia·

161 2093 253 2123 rium
269 2093 320 2124 M.
