1465 2361
440 179 509 216 IN
507 179 574 216 ΤΒ
583 178 651 216 OD
661 178 700 216 U
699 178 790 216 OT]
793 177 875 215 ΟΝ.
1191 175 1247 212 xli

277 483 384 513 REM
414 482 711 523 QVOCVNQVE
743 482 883 514 MODO
916 482 1032 513 REM.

65 579 174 609 Miles.
202 579 246 609 Di
262 588 314 609 me
337 583 448 609 ament
463 583 499 609 ut
516 578 727 619 congerronis
742 578 844 620 uolup
861 582 910 609 est
927 578 1072 619 deliquio
1088 577 1162 616 mei,

64 813 110 915 503

65 1008 115 1038 M.

66 1144 118 1176 M.

66 1269 118 1440 »ξω

67 1534 120 1566 Μ.

70 1672 121 1704 Μ.

206 635 310 665 Purus
333 638 432 675 putus
455 634 556 665 homo
579 639 628 665 est
651 634 833 672 malleolus,
860 634 995 664 nimium
1018 633 1051 664 in
1074 632 1249 674 propatulo

274 689 454 731 harpagat;

205 747 310 776 Praue
326 746 463 776 succinit
479 745 651 786 clependo,
668 745 760 776 nihili
775 750 944 777 cantorum
960 745 1073 777 modo.

203 814 256 845 Ita
272 819 435 845 mecastor
450 815 534 845 bene
550 814 820 855 subripies,dicto
835 819 872 845 ut
887 814 982 845 citius
998 814 1060 845 hoc
1076 823 1163 853 agas.

203 884 380 924 Apagesis‚
398 894 466 915 non
481 884 544 915 hoc
561 894 624 924 ego
641 885 779 926 empsim
796 885 933 915 uerbum
950 884 1014 914 ficu
1029 884 1162 925 putida!

207 939 370 970 Homines
387 939 533 981 graphici
549 940 725 971 conciliare
741 950 808 970 non
825 940 993 981 subripere
1009 949 1043 970 se
1060 944 1246 970 autumant.

203 1007 268 1038 Per
282 1007 388 1038 soleas
404 1008 579 1049 dispiciunt
596 1009 712 1040 calces.

786 1078 867 1109 Siris
881 1078 981 1118 igitur
995 1077 1144 1118 lippiant.

208 1145 270 1175 Pol
287 1156 356 1176 sum
375 1145 416 1176 ad
432 1146 548 1177 incitas
564 1147 726 1184 redactus,
744 1151 932 1177 uenaturast
948 1146 1013 1176 iam
1030 1145 1110 1176 mihi

205 1201 466 1242 Aliquouorsum
482 1202 644 1233 faciunda.

583 1271 693 1310 Estur,
711 1271 872 1312 inquiunt,
889 1271 1071 1301 corniculis.

207 1339 391 1370 Chariclem
407 1340 459 1371 hic
475 1340 679 1371 habitantem
696 1341 806 1382 ecquis
822 1340 940 1371 nouit?

791 1411 881 1442 Noui
896 1410 1023 1447 callide,
1041 1417 1073 1441 et
1090 1411 1158 1441 scio

208 1465 423 1506 Locupletem
435 1466 614 1497 hominem.

436 1535 542 1566 Scitin
558 1535 657 1575 igitur
671 1546 755 1577 quae
772 1536 851 1566 mihi
866 1536 1166 1577 circumscriptio—

207 1603 360 1645 Quinque
376 1604 462 1635 enim
482 1604 534 1634 uix
551 1604 669 1635 cubitis
685 1605 802 1635 minor.

675 1674 766 1704 Hui!
793 1674 972 1715 captiones,
993 1674 1141 1713 obsecro,

209 1730 297 1761 Face
322 1731 504 1772 conpendi:
530 1731 641 1762 medio
656 1731 745 1762 haud
762 1741 883 1772 quaero
907 1741 991 1773 quae
1015 1731 1096 1762 mihi
1112 1732 1250 1763 circum-

281 1786 446 1827 scriptiost
460 1798 467 1823 ;

213 1841 279 1873 Sed
292 1841 389 1872 uobis
400 1842 433 1872 in
444 1841 589 1872 medium
603 1851 735 1883 quaero,
748 1842 894 1884 mihique
902 1854 910 1880 ;
934 1853 974 1873 ne
984 1843 1122 1883 longum
1135 1853 1238 1874 morer

213 1897 385 1928 Mulierem
401 1897 446 1928 mi
463 1897 622 1928 Chariclis
636 1897 732 1928 huius
741 1897 774 1928 in
785 1898 895 1929 animo
911 1903 961 1929 est
977 1899 1238 1930 circumscribere
