1480 2366
161 208 209 245 98
475 206 516 243 T.
546 206 733 244 AIACOI
754 205 867 243 PLA
881 205 976 243 VTI
1093 205 1153 244 IV
1172 209 1196 244 2
1226 207 1353 245 73-82

159 310 230 348 ΡΥ.
260 310 355 349 Non
376 311 476 349 mihi
496 312 663 349 auaritia
681 323 871 360 umquam
885 310 1086 349 innatast:
1110 313 1206 350 satis
1222 311 1355 351 habeo

368 376 611 414 diuitiarum.

159 441 252 480 Plus
271 442 326 480 mi
347 441 430 480 auri
451 443 600 480 millest
620 441 847 480 modiorum
868 441 1060 492 Philippi.
1101 442 1172 480 PA.
1195 443 1355 482 Praeter

369 507 620 545 thensauros.

80 582 144 615 1065
157 572 263 612 Tum
281 574 438 622 argenti
458 574 621 619 montis,
645 572 728 611 non
757 584 909 611 massas
930 572 1053 610 habet
1071 583 1080 609 z
1110 573 1242 612 Aetna
1271 587 1352 612 non

367 651 495 688 aeque
515 638 645 676 altast.

157 707 233 744 M1.
264 707 340 753 Eu,
362 706 521 745 ecastor
539 707 752 756 periurum.
810 707 881 745 ΡΑ.
911 695 964 745 Vt
984 705 1115 745 ludo?
1145 707 1221 744 M1.
1244 707 1352 755 Quid

365 772 477 821 ego?
505 772 548 810 1'1t
563 772 748 810 sublecto
766 772 783 810 P
839 773 910 810 PA.
942 773 1063 812 Scite.

159 838 234 876 M1.
266 837 346 876 Sed
378 836 525 876 amabo
563 850 628 875 me
665 838 780 874 mitte
811 836 1002 876 actutum.
1060 838 1131 876 PA.
1163 837 1272 885 Quin
1310 844 1351 876 tu

366 902 461 941 huic
482 903 707 952 respondes
727 901 894 953 aliquid,

94 1010 96 1012 ,
155 969 235 1007 Aut
253 968 449 1007 fficturum
469 974 537 1006 aut
555 981 639 1006 non
659 967 887 1006 facturum?
916 968 1012 1018 quid
1033 967 1143 1006 illam
1163 969 1350 1006 miseram

364 1035 487 1072 animi
509 1033 728 1079 excrucias,

157 1099 271 1147 Quae
308 1099 526 1149 numquam
565 1101 670 1138 male
707 1100 758 1138 de
796 1100 835 1137 te
873 1101 1054 1138 meritast
1076 1099 1093 1138 P
1148 1099 1218 1137 ΡΥ.
1250 1099 1350 1137 Iube

367 1164 531 1215 eAmpse
552 1165 659 1203 exire
679 1165 758 1203 huc
777 1164 829 1203 ad
850 1177 925 1203 nos
943 1177 951 1203 :

77 1244 145 1269 1070
157 1229 237 1269 Dic
256 1243 321 1269 me
341 1230 479 1268 omnia
497 1243 601 1280 quae
619 1231 705 1268 uolt
724 1229 933 1268 facturum.
996 1229 1072 1267 M1.
1104 1229 1222 1268 Facis
1243 1229 1349 1269 nunc

365 1302 408 1334 ut
427 1300 459 1333 te
478 1297 612 1334 facere
631 1296 851 1346 aequomst,

156 1360 302 1408 Quom,
325 1362 428 1411 quae
447 1367 487 1399 te
505 1362 603 1407 uolt,
626 1362 797 1399 eandem
813 1367 856 1399 tu
875 1361 949 1399 uis.
1007 1361 1078 1399 PA.
1109 1360 1205 1399 Non
1225 1360 1348 1399 insul—

364 1439 451 1465 sum
471 1427 565 1465 huic
586 1428 845 1476 ingeniumst.

156 1492 230 1530 M1.
263 1492 397 1540 Quom
421 1505 486 1530 me
515 1492 727 1530 oratricem
748 1493 827 1530 hau
855 1493 1041 1542 spreuisti
1062 1491 1232 1542 sistique
1252 1504 1346 1531 exo-

362 1570 449 1596 rare
468 1558 517 1596 ex
536 1564 588 1595 te.

199 1648 290 1690 1064.
336 1651 569 1681 thensauros
613 1649 651 1680 R
666 1659 675 1686 3
721 1650 902 1680 thesaurus
938 1649 987 1687 B;
1034 1652 1217 1680 tensaurus
1259 1648 1346 1681 CD.

156 1704 248 1745 1065.
272 1706 402 1736 Aetna
427 1728 435 1736 .
467 1729 475 1737 .
504 1727 513 1735 .
539 1708 661 1736 altast
684 1704 804 1742 Cam.;
828 1705 931 1735 ethna
945 1715 1022 1735 mon
1043 1715 1110 1735 non
1133 1714 1235 1745 aeque
1256 1705 1349 1736 altus

153 1760 261 1801 (altos)
275 1760 334 1797 M;
358 1760 463 1791 hence
477 1760 629 1791 Aethz'na
644 1760 671 1791 is
687 1760 868 1801 suggested
885 1760 1052 1802 (Hermes)
1071 1770 1116 1791 on
1131 1759 1188 1791 the
1204 1759 1347 1802 analogy

153 1819 191 1850 of
215 1819 347 1850 techina
376 1833 402 1845 =
431 1819 550 1850 techna
580 1819 642 1852 διο.
837 1819 929 1850 1066.
954 1822 1151 1856 periurum
1180 1819 1348 1850 hominem

144 1876 328 1916 periurum
343 1875 394 1905 M.
525 1878 570 1906 ut
586 1878 758 1907 sublecto
780 1875 882 1906 Acid.
896 1887 904 1914 ;
930 1876 970 1905 ui
981 1875 1139 1906 sublectos
1154 1875 1193 1906 M
1208 1886 1216 1912 ;
1241 1875 1347 1906 hence

152 1934 194 1961 ut
212 1931 353 1961 sublecta
378 1940 413 1960 os
436 1930 554 1970 Cam.;
579 1930 640 1962 but
661 1940 679 1961 s
700 1931 728 1962 is
751 1941 771 1962 a
793 1931 1009 1973 dittography
1024 1931 1064 1963 of
1074 1931 1131 1962 the
1146 1935 1225 1962 next
1240 1931 1344 1969 word,

150 1987 237 2018 scite.
350 1985 442 2017 1068.
466 1989 589 2018 animi
611 1986 693 2024 CD;
718 1990 749 2017 et
762 1988 907 2017 amicam
921 1987 962 2018 B.
1077 1986 1166 2027 1069.
1192 1996 1346 2023 eampse

150 2052 222 2073 eam
236 2043 306 2082 ip&
319 2042 370 2074 M.
549 2048 642 2081 1070.
665 2045 704 2074 te
726 2043 775 2074 R.
969 2049 1059 2082 1071.
1085 2045 1175 2074 huie
1197 2043 1278 2073 hinc
1292 2042 1343 2073 M.

153 2106 243 2138 1072.
270 2109 385 2135 quom
399 2109 459 2130 me
481 2098 533 2135 B;
557 2108 698 2139 cumque
713 2108 764 2129 me
779 2098 841 2130 CD
855 2109 862 2138 ;
881 2108 1046 2140 quomque
1060 2099 1117 2135 R;
1136 2098 1197 2130 but
1213 2098 1270 2129 the
1281 2109 1346 2140 que

148 2156 175 2186 is
191 2154 349 2196 certainly
363 2154 530 2186 unsound.
