1480 2366
68 190 138 228 ΙΙΙ
159 193 182 228 3
213 193 285 228 1-9
395 189 572 228 MILES
603 188 846 228 GLORIOS
856 189 930 231 VS.
1210 190 1259 228 79

69 385 468 414 PERIPLECOMENVS.
504 385 883 414 ACROTELEVTIVM.
921 375 1260 427 (MILPHIDIPPA.)

524 451 804 479 PALAESTRIO.

70 556 139 593 PE.
170 555 273 594 Rem
306 556 468 593 omnem
498 556 584 602 tibi,
617 556 945 603 Acrotelefitium‚
980 557 1136 607 tibique
1164 556 1256 603 (ma,
1273 569 1371 601 1113

276 619 565 670 Milphidippa,

69 686 191 725 Domi
211 686 484 724 demonstraui
504 687 582 724 iam
598 686 753 725 ordine.
809 686 914 725 hane
934 687 1128 725 fabricam
1147 687 1258 726 falla·
1272 692 1321 726 87⁵

276 750 439 801 ciasque

68 816 207 855 Minus
227 816 260 855 si
280 817 440 861 tenetis,
463 817 597 855 denuo
616 818 712 856 uolo
732 818 963 868 percipiatis
984 817 1127 868 pla'tne:

70 882 173 922 Satis
193 884 226 922 si
247 883 496 933 intellegitis,
517 883 626 922 aliud
647 890 708 922 est
733 885 842 934 quod
867 883 1001 933 potius
1022 884 1257 924 fabulemur.

67 950 143 988 Ac.
174 949 351 988 Stultitia
379 956 499 999 atque
532 950 767 1000 insipientia
798 963 875 988 mea
905 950 1050 1001 quidem
1078 952 1259 988 sententia

276 1015 376 1054 haec
396 1016 460 1061 sit,

70 1081 139 1119 Me
158 1082 215 1119 ire
234 1081 277 1119 in
304 1093 406 1131 opus
430 1081 607 1119 alienum
627 1081 693 1120 ant
711 1083 785 1120 tibi
805 1095 936 1121 meam
955 1083 1119 1133 operam
1139 1083 1258 1133 polli-

275 1146 401 1192 citeri,

69 1213 110 1251 Si
130 1225 178 1251 ea
197 1213 238 1250 in
258 1213 450 1262 opificina
479 1214 658 1251 nesciam
686 1218 754 1252 aut
781 1214 886 1252 mala
908 1214 997 1252 esse
1016 1218 1083 1252 aut
1102 1213 1259 1251 fraudu·
1273 1222 1323 1249 880

276 1278 397 1316 lenta,

70 1344 139 1381 PE.
168 1343 221 1381 At
248 1344 409 1381 meliust
433 1347 466 1380 te
489 1344 702 1382 monerier.
766 1344 843 1383 Ac.
872 1343 1130 1382 Meretricem
1160 1356 1258 1382 con-

276 1409 432 1447 moneri

70 1473 200 1521 Quam
231 1473 328 1511 sane
357 1475 493 1524 magni
515 1475 668 1521 referat,
691 1474 748 1513 nil
769 1474 922 1514 clzimst.
980 1475 1077 1525 quin
1097 1475 1261 1525 egomet

275 1538 391 1584 filtro,

111 1682 184 1724 875.
207 1685 285 1715 iam
300 1685 432 1716 ordine
454 1683 578 1715 Miiller
590 1694 599 1721 ς
624 1684 661 1715 in
676 1684 792 1715 ordine
806 1684 858 1717 M.
1030 1683 1105 1723 878.
1129 1686 1259 1716 stulti-

69 1740 126 1770 tia
143 1761 288 1770 ......
305 1741 358 1770 sit
389 1739 441 1770 ΒΧ
453 1749 462 1776 ;
493 1739 688 1780 irzsz'pz'entz'ci
700 1740 816 1782 salsta
844 1739 959 1782 (salsa
981 1739 1023 1781 B)
1052 1740 1116 1771 hae
1138 1740 1184 1770 sit
1208 1739 1258 1773 M.

70 1793 142 1825 880.
168 1797 203 1826 si
219 1805 264 1826 ea
280 1797 322 1825 in
338 1794 433 1827 Cam.
480 1795 514 1826 si
525 1805 598 1826 eam
614 1795 664 1827 M.
697 1796 766 1827 For
781 1795 837 1827 the
861 1795 1035 1827 confusion
1051 1795 1206 1827 between
1222 1797 1259 1826 in

70 1849 135 1880 and
150 1859 184 1879 m
199 1859 253 1881 see
269 1860 313 1880 on
327 1849 402 1891 648.
533 1853 703 1883 nesciam
724 1852 851 1883 nesciat
862 1852 912 1884 M.
1058 1851 1132 1883 881.
1156 1855 1196 1884 te
1210 1851 1259 1884 R.

71 1904 144 1936 882.
168 1907 225 1936 nil
247 1905 308 1942 M;
332 1906 422 1936 mihi
433 1906 554 1938 Lamb.
714 1910 809 1944 quin
835 1911 984 1943 egomet
1009 1910 1113 1939 ultro
1134 1907 1259 1946 Acid.;

70 1962 153 2002 quin
168 1971 226 2002 ego
242 1962 389 1992 z‘nsustro
403 1962 452 1999 B;
477 1963 561 2004 quin
576 1973 633 2005 ego
648 1963 818 2005 infru-stro
833 1963 860 1995 C
874 1974 882 2003 ;
905 1964 999 2005 quid,
1012 1974 1111 2006 egone
1115 1964 1262 2006 frustra

70 2016 153 2048 after
175 2016 296 2058 Bothe,
319 2018 366 2050 R.
411 2018 483 2050 The
507 2018 694 2060 conjecture
718 2019 758 2050 of
767 2019 869 2051 Acid.
895 2019 923 2051 is
947 2019 1201 2051 recommended
1217 2020 1262 2062 by

71 2072 127 2104 the
154 2072 327 2105 confusion
349 2073 501 2105 between
517 2075 554 2106 in
569 2074 635 2106 and
650 2085 694 2113 m,
718 2075 770 2106 for
795 2074 904 2107 which
926 2085 981 2106 see
997 2085 1041 2106 on
1063 2075 1144 2116 648;
1162 2076 1257 2117 quin,

70 2138 128 2172 ego
150 2129 192 2159 ni
195 2128 368 2170 frustror,
390 2129 396 2171 1
407 2131 616 2172 priusquam
631 2130 782 2172 Madvig.
