1480 2366
146 182 193 218 78
489 179 532 217 11
562 179 645 216 MA
656 179 747 217 001
769 179 882 216 PLA
896 179 987 216 VTI
1073 178 1143 215 III
1164 180 1187 215 2
1216 181 1344 215 45-58

82 300 133 326 860
146 285 282 333 Quom
301 285 403 323 haec
423 283 531 322 facta
550 285 683 329 scibit,
706 283 801 334 quia
821 284 898 321 sibi
919 295 1002 321 non
1023 282 1207 321 dixerim.

146 351 317 400 Fugiam
349 350 485 388 hercle
514 349 652 399 aliquo
678 355 799 398 atque
829 349 909 387 hoc
937 348 980 386 in
1013 349 1122 386 diem
1153 346 1346 386 extollam

357 416 520 453 malum.

148 481 212 519 Ne
233 480 413 518 dixeritis
433 480 605 518 &bsecro
626 481 720 518 huic
739 479 916 517 uostreim
937 480 1072 517 fidem.

149 548 220 586 PA.
252 547 344 595 Quo
369 549 409 585 te
433 548 555 596 agis?
609 547 685 585 Lv.
715 547 867 585 Missus
902 559 989 585 sum
1019 546 1127 585 filio:
1158 547 1238 584 iam
1267 545 1348 584 huc

357 616 565 653 reuenero.

151 681 222 719 PA.
263 679 363 728 Quis
400 680 543 718 misit?
604 680 678 718 Lv.
718 679 1075 718 Philocomzisium.
1133 679 1206 717 PA.
1243 678 1346 716 Abi:

359 745 536 783 actutiim
556 746 655 783 redi.

89 819 136 852 865
152 811 226 848 Lv.
262 810 424 857 Quaesb
443 816 591 856 tamen,
613 816 656 848 tu
675 810 807 849 medm
827 816 993 860 partem,
1015 807 1279 847 infortiinium

141 876 194 914 Si
217 876 431 922 diuidetur,
453 889 518 914 me
537 875 706 914 {absente
726 875 901 925 accipit6
921 880 1069 913 tamen.

153 942 225 980 PA.
258 941 387 980 Modo
407 940 602 987 intellexi,
624 940 744 991 quzim
764 953 848 979 rem
868 940 1011 978 mulier
1030 938 1226 989 gesserit:

92 1015 94 1019 ’
155 1007 262 1055 Quia
282 1007 492 1045 Sceledrus
513 1007 672 1052 dormit,
696 1005 803 1043 himc
823 1005 1110 1043 subcustodem
1131 1014 1246 1042 suom

156 1073 280 1112 Foras
299 1072 517 1122 ablegauit,
540 1072 634 1110 dum
654 1071 705 1109 ab
726 1083 769 1109 se
790 1071 868 1109 huc
888 1070 1096 1108 transiret:
1126 1069 1273 1119 placet.

92 1150 142 1182 870
158 1140 237 1178 Sed
258 1140 612 1189 Periplecomenus
631 1150 751 1188 quam
772 1137 810 1175 ei
829 1137 1018 1174 mandaui
1039 1135 1247 1173 mfilierem

157 1206 291 1244 Nimis
311 1205 448 1255 lepida
467 1205 595 1242 forma
627 1203 749 1242 dficit.
806 1203 847 1241 di
868 1203 1004 1241 hercle
1037 1201 1142 1239 hanc
1170 1213 1254 1239 rem
1283 1199 1352 1238 Ad-

366 1271 515 1308 iuuant.

159 1336 290 1384 Quam
310 1335 436 1384 digne
456 1339 596 1372 ornata
614 1334 780 1379 incedit,
802 1333 909 1371 haud
928 1332 1167 1371 meretricie.

159 1402 315 1452 Lepide
335 1400 414 1439 hbe
435 1399 616 1438 succedit
636 1398 709 1437 s1'1b
729 1410 871 1436 manus
891 1398 1112 1448 negdtium.

203 1546 276 1578 860.
299 1547 464 1577 dixerim
485 1543 622 1581 dixerit,
640 1542 706 1573 and
720 1542 755 1573 in
770 1542 829 1573 861
847 1542 994 1581 extollat,
1013 1542 1065 1573 M.
1154 1540 1228 1572 861.
1249 1542 1352 1573 diem

163 1601 258 1634 Cam.
275 1613 284 1641 ;
306 1602 361 1632 die
376 1601 427 1633 M.
593 1598 666 1639 863.
691 1608 766 1635 quo
791 1602 831 1630 te
853 1597 954 1637 Pius;
978 1601 1059 1639 quot
1078 1601 1126 1635 tu,
1144 1596 1235 1638 quod
1247 1599 1286 1627 tu
1301 1596 1352 1627 M.

160 1657 233 1699 865.
258 1667 382 1689 meam
399 1680 407 1688 .
426 1680 434 1688 .
455 1680 464 1688 .
481 1657 612 1687 infort.
649 1653 819 1696 Spengel;
852 1663 960 1684 meam
982 1656 1118 1694 partem
1144 1652 1355 1694 infortinum

160 1714 220 1752 M;
243 1717 282 1744 tu
289 1716 425 1754 partem
440 1711 617 1754 infortuni
629 1720 736 1741 meam
750 1710 798 1742 R.
1006 1707 1079 1740 868.
1103 1710 1205 1740 hunc
1221 1708 1288 1738 huc
1301 1707 1354 1740 M.

162 1768 238 1810 869.
261 1771 366 1800 foras
388 1767 529 1806 Lamb.;
545 1767 642 1809 foris·
662 1766 713 1798 M.
923 1767 1110 1797 transiret
1133 1764 1281 1795 transire
1303 1763 1356 1801 M,

160 1823 327 1864 reversing
353 1822 409 1854 the
437 1822 533 1854 usual
561 1832 660 1854 error.
815 1820 890 1861 871.
914 1823 1102 1853 adiuuant
1131 1820 1281 1851 adiuuat
1307 1818 1356 1852 Ba

162 1881 301 1910 atuz'uat
313 1879 341 1911 C
354 1889 362 1918 3
379 1883 420 1910 ut
441 1879 543 1910 uiuat
555 1878 588 1909 D
600 1890 610 1919 3
627 1881 667 1909 ut
680 1877 806 1909 uiuant
818 1877 848 1909 F
849 1877 887 1910 Z.
