1480 2366
155 188 204 221 28
497 186 538 223 T.
568 186 652 222 MA
665 185 761 223 CCI
778 186 891 223 PLA
905 186 1001 224 VTI
1103 188 1149 224 II
1171 191 1193 224 3
1227 186 1353 225 19—28

97 301 144 325 290
157 290 222 328 Sc.
254 289 440 327 Profecto
456 291 553 328 uidi.
611 290 682 327 PA.
712 289 897 329 Tutine?
945 291 1011 329 SC.
1041 291 1231 342 Egomet,
1254 292 1355 330 du6-

278 407 292 417 Ι
365 356 438 392 bus
460 355 572 393 hisce
593 355 721 393 oculis
741 357 856 393 meis.

157 420 227 458 PA.
256 420 348 465 Abi,
368 433 450 458 non
464 421 547 458 ueri
565 420 696 458 simile
711 421 813 458 dicis
827 422 958 470 neque
974 422 1128 459 uidisti.
1160 422 1226 460 Sc.
1245 420 1354 460 Num

366 486 440 522 tibi

157 550 311 600 Lippus
326 551 469 588 uideor
485 550 502 588 ?
557 550 628 588 PA.
659 549 867 588 Medicum
880 551 954 588 tibi
970 551 1073 589 istuc
1089 552 1252 589 meliust
1265 563 1356 601 per-

367 615 580 653 contarier.

157 682 306 720 Verum
338 683 447 719 enim
478 688 520 719 tu
553 683 683 726 istam,
717 681 752 720 si
779 686 820 720 te
846 682 887 720 di
920 688 1070 728 ament,
1098 683 1251 720 temere
1277 682 1355 720 hau

367 748 486 785 tollas
506 747 697 784 fabulam.

157 812 257 850 Tuis
277 825 385 850 nunc
405 812 584 850 cruribus
605 813 808 862 capitique
821 811 1002 851 fraudem
1023 812 1237 861 capitalem
1258 811 1357 850 hinc

368 889 504 923 creas;

100 953 147 979 295
163 942 268 980 Nam
296 943 368 980 tibi
397 944 489 987 iam,
519 948 562 980 ut
589 941 742 992 pereas,
774 948 994 992 paratumst
1022 942 1249 992 dupliciter,
1279 942 1358 981 nisi

373 1007 588 1057 supprimis

162 1072 293 1110 Tuom
341 1072 648 1122 stultiloquium.
724 1073 791 1111 Sc.
836 1072 915 1120 Qui
968 1085 1065 1111 uero
1113 1071 1361 1122 dupliciter?

375 1138 444 1174 PA.
476 1137 621 1175 Dicam
641 1138 729 1175 tibi.

165 1203 452 1248 Primumdum,
484 1204 517 1240 si
538 1203 640 1241 fulso
669 1203 877 1240 insimulas
898 1202 1256 1248 Philocomasium,
1279 1201 1360 1240 hoc

403 1269 564 1306 erieris:

164 1323 326 1379 iterum,
358 1281 397 1370 εξ)
423 1333 464 1370 id
497 1332 685 1378 uerumst,
719 1337 762 1371 tu
799 1333 836 1370 ei
865 1337 1002 1370 custos
1034 1331 1195 1369 additus
1226 1331 1362 1381 dispe-

372 1411 499 1436 neris.

166 1464 232 1502 Sc.
264 1463 373 1511 Quid
394 1464 476 1501 fuat
496 1476 561 1502 me
581 1464 745 1502 nescio:
776 1464 855 1501 hoc
875 1476 940 1501 me
959 1463 1113 1501 uidisse
1142 1475 1220 1512 ego
1249 1463 1362 1501 certo

376 1541 474 1566 smo.

168 1654 240 1686 290.
266 1648 372 1677 hisce
395 1646 466 1685 Bx3
491 1646 545 1676 his
560 1646 619 1685 M;
638 1645 689 1676 for
705 1645 759 1676 the
775 1649 842 1676 rest
859 1644 917 1676 the
932 1655 1025 1676 verse
1040 1644 1068 1675 is
1084 1644 1181 1685 given
1197 1654 1233 1676 as
1247 1645 1282 1675 in
1298 1644 1361 1681 M;

166 1702 204 1733 R
227 1712 293 1732 om.
312 1702 442 1732 duobus
463 1701 530 1732 and
545 1701 641 1732 reads
650 1702 713 1741 pol
721 1701 872 1743 prqfecto
884 1711 899 1738 ,·
923 1701 975 1732 Fl.
995 1701 1102 1731 hercle
1124 1700 1174 1731 for
1182 1700 1336 1743 profecto
1347 1709 1364 1738 ;

166 1757 227 1788 but
237 1756 389 1798 prbfffcto
404 1756 431 1787 is
447 1756 680 1797 undoubtedly
695 1756 862 1787 Plautine.
997 1764 1069 1795 292.
1095 1759 1170 1787 tibi
1185 1759 1288 1787 istuc
1302 1755 1362 1794 R;

168 1813 254 1843 istuc
277 1812 341 1842 tibi
364 1812 414 1849 M,
432 1811 541 1842 which
564 1811 703 1851 reading
727 1812 764 1842 R
789 1815 921 1853 accepts
945 1811 979 1842 in
995 1811 1111 1853 Praef
1140 1811 1245 1842 Stich.
1258 1821 1273 1848 ,·
1301 1810 1365 1842 but

168 1868 232 1898 tibi
245 1868 330 1897 istuc
344 1867 372 1897 is
388 1867 433 1907 by
449 1867 496 1897 far
512 1866 568 1897 the
584 1876 675 1897 more
691 1866 785 1897 usual
802 1867 908 1898 order.
997 1874 1069 1907 295.
1088 1877 1179 1897 nam
1195 1869 1270 1898 tibi
1285 1869 1365 1897 iam

169 1922 264 1954 Cam.
279 1934 287 1962 3
314 1923 382 1952 iam
398 1922 462 1952 tibi
474 1922 542 1952 iam
559 1922 609 1952 M.
707 1921 779 1962 296.
805 1926 931 1953 dicam
954 1922 1084 1963 Guyet;
1103 1923 1158 1952 hic
1171 1923 1295 1952 dictam
1310 1922 1362 1953 M.

171 1985 244 2018 297.
270 1981 369 2009 falso
393 1977 487 2008 Cam.
501 1987 509 2015 3
524 1977 656 2019 falsam
671 1977 720 2014 B;
737 1978 843 2018 salszz
857 1978 908 2009 M.
1042 1977 1115 2018 298.
1141 1980 1365 2014 disperieris

171 2035 242 2074 Bx;
269 2034 415 2075 perieris
430 2033 489 2071 M;
513 2033 673 2064 Ribbeck
695 2038 848 2074 suggests
875 2035 925 2064 bis
941 2035 1086 2074 perieris
1099 2044 1114 2071 ;
1140 2033 1284 2075 Seyffert
1306 2033 1366 2063 lzoc

165 2094 240 2131 per.
246 2100 260 2127 ‚·
273 2089 338 2120 and
351 2089 388 2119 R
399 2088 464 2119 and
474 2088 525 2119 Fl.
539 2088 667 2129 change
678 2088 734 2120 the
745 2089 842 2119 order
852 2089 891 2120 of
899 2089 956 2120 the
966 2089 1076 2120 words
1086 2100 1093 2128 3
1105 2089 1218 2120 Luchs
1230 2090 1363 2130 (Herm.

171 2145 238 2177 xiii.
257 2156 290 2187 p.
311 2145 384 2187 500)
402 2154 563 2186 proposes
578 2155 677 2186 quom
693 2145 726 2175 εἰ
737 2148 846 2176 custos
865 2145 1026 2183 additu's,
1045 2145 1104 2175 hoc
1111 2146 1268 2186 perieris.
