1480 2366
82 192 128 229 II
146 196 169 229 4
190 196 315 229 52—5
337 193 358 230 7
396 192 571 230 MILES
603 191 845 229 GLORIOS
855 191 928 229 VS.
1207 194 1256 229 39

83 295 149 333 Sc.
178 295 298 334 Nunc
322 296 482 334 demum
511 296 695 345 experior
719 296 774 332 mi
797 295 851 333 eb
872 296 1012 333 oculos
1039 293 1254 344 caliginem
1270 310 1317 336 ⁴05

286 360 504 398 obstitisse.

83 425 152 462 ΡΑ.
182 424 345 463 Dudum
365 425 511 474 edepol
531 425 734 474 planumst
752 424 832 463 hec
850 424 1013 475 quidem
1031 437 1039 461 τ
1069 436 1171 473 quae
1190 423 1257 461 hic

285 489 413 539 fisque
432 490 550 528 fuerit
569 490 688 528 intus.

82 554 148 591 Sc.
178 554 290 592 Nihil
320 553 451 593 habeo
480 555 577 594 certi
609 554 706 604 quid
734 555 896 605 loquar:
926 566 1009 592 non
1040 553 1125 592 uidi
1154 566 1255 600 earn,

285 620 359 657 etsi
377 619 475 657 uidi.

81 684 151 721 PA.
181 683 245 722 Ne
262 689 305 722 tu
324 684 470 734 edepol
490 683 658 722 stultitia
675 689 744 722 tua
761 696 837 722 nos
856 685 985 734 paene
1005 683 1239 734 perdidisti:

79 748 185 786 Dum
200 750 240 786 te
254 749 415 787 fidelem
430 748 563 787 fecere
577 762 646 787 ero
661 749 837 795 uoluisti,
852 748 1100 799 absumptu's
1115 749 1256 798 paene.

80 813 158 852 Sed
178 814 284 852 feres
303 814 427 852 uicini
448 813 630 863 prexumi
651 815 914 864 crepuerunt:
944 813 1220 852 conticiscam.
1271 828 1321 853 410

156 979 529 1007 PHILOCOMASIVM.
585 978 863 1006 PALAESTRIO.
919 978 1178 1006 SCELEDRVS.

79 1067 155 1105 ΡΗ.
183 1067 286 1105 Inde
312 1067 451 1116 ignem
479 1067 521 1105 in
546 1079 666 1112 aram,
688 1073 731 1105 ut
749 1056 952 1117 Ephesiae
972 1066 1129 1105 Dienae
1154 1067 1259 1105 laeta
1271 1077 1312 1106 11
1335 1076 1353 1106 5

283 1131 422 1170 laudes

78 1199 293 1250 Gratisque
328 1212 446 1249 agam
480 1199 598 1250 eique
629 1205 672 1238 ut
700 1191 850 1238 Arabio
883 1200 1103 1238 fumificem
1134 1199 1258 1237 odore

283 1266 468 1310 amoene,

78 1331 192 1378 Quae
210 1343 276 1368 me
296 1330 337 1368 in
358 1331 459 1368 locis
479 1329 696 1380 Neptt'miis
715 1329 958 1380 templisque
977 1330 1215 1367 turbulentis

78 1394 272 1440 Seruauit,
295 1396 426 1433 saeuis
445 1394 632 1433 flfictibus
651 1396 720 1433 ubi
740 1407 827 1433 sum
846 1394 1052 1433 adflictata
1075 1394 1255 1432 meltum.

78 1460 144 1499 Sc.
175 1460 404 1505 Palaestrio,
423 1460 502 1497 eho
518 1460 735 1498 Palaestrio
756 1488 765 1497 .
788 1488 797 1496 .
853 1460 925 1498 PA.
948 1459 1040 1497 Eho
1056 1459 1255 1504 Sceledre,
1272 1475 1319 1501 με,

285 1525 486 1570 Sceledre,
508 1525 605 1574 quid
624 1526 686 1562 uis
704 1525 720 1563 ?

78 1589 144 1628 Sc.
175 1589 292 1628 Haec
314 1589 468 1636 rm‘rlier,
490 1602 593 1640 quae
616 1590 713 1628 hinc
741 1589 824 1628 exit
846 1589 983 1635 modo,
1005 1594 1119 1626 estne
1148 1588 1257 1626 erilis

283 1654 514 1693 concubina

78 1719 428 1767 Phssocbmasium,
449 1731 501 1757 an
520 1731 603 1756 non
622 1719 683 1756 est
702 1730 750 1757 ea
766 1719 784 1756 ?
838 1719 910 1755 PA.
941 1718 1092 1756 Hercle
1112 1718 1258 1768 opinor

283 1796 332 1822 ea
349 1784 518 1822 uidetur.

77 1897 160 1928 after
177 1899 331 1938 experior
353 1898 388 1928 in
407 1908 438 1930 v.
456 1904 531 1938 405.
639 1904 713 1938 405.
736 1899 791 1929 mi
812 1897 869 1934 R;
893 1904 985 1928 MIHI
1004 1897 1040 1928 A
1052 1907 1062 1934 ;
1078 1898 1180 1937 prius
1203 1897 1255 1928 M.

76 1955 275 1984 obstitisse
295 1953 332 1983 A
356 1953 512 1994 (Gepp.);
536 1953 687 1994 obtigisse
709 1953 758 1984 M.
864 1951 938 1993 406.
962 1954 1033 1983 hoc
1055 1952 1114 1989 M;
1139 1952 1176 1982 id
1192 1951 1255 1993 (cp.

76 2007 175 2048 Capt.
194 2008 266 2048 562)
285 2007 347 2039 Bx.
406 2010 470 2039 hic
492 2008 586 2039 Cam.
600 2018 608 2046 ;
624 2008 705 2037 hinc
723 2007 774 2038 M.
833 2013 907 2047 407.
932 2010 1015 2038 uidi
1033 2017 1117 2039 eam
1139 2007 1254 2043 Cam.;

75 2063 207 2093 videam
216 2063 266 2094 M.
340 2063 414 2103 408.
432 2065 635 2099 perdidisti
649 2062 742 2094 Cam.
757 2073 766 2100 ς
776 2063 929 2103 perdidit
939 2063 989 2094 M.
1063 2070 1137 2102 411.
1153 2065 1257 2094 laeta.

75 2120 210 2150 laudes
230 2117 373 2158 Bergk:
396 2119 484 2149 latas
502 2119 618 2149 laudes
636 2120 687 2150 M.
