1480 2366
99 204 144 241 Π
165 207 186 241 6
218 206 368 240 89-105
422 201 598 239 MILES
630 201 699 239 GL
709 201 872 239 ORIOS
883 201 956 257 VS.
1232 205 1277 238 51

98 307 163 345 Ne
181 306 382 345 militiose
401 305 550 344 fectum
569 305 610 343 id
630 317 719 343 esse
738 305 810 343 abs
829 311 869 343 te
887 304 1066 343 arbitrer.

99 374 314 424 Ignoscam
333 374 407 412 tibi
427 375 540 411 istuc.
597 372 665 412 Sc.
693 360 746 412 Ᾰῒ
764 373 838 411 tibi
858 373 899 410 di
918 371 1066 411 faciant
1085 374 1202 411 bene.
1296 398 1344 423 570

97 439 168 477 PE.
198 439 261 476 Ne
280 444 321 476 tu
341 438 486 484 hercle,
509 438 542 476 si
560 442 601 476 te
621 438 663 476 di
681 443 827 483 ament,
849 438 1028 487 linguam
1054 437 1281 487 conprimes

99 503 296 541 Posthac:
327 503 446 540 etiarn
467 502 564 539 illud
585 502 694 552 quod
715 504 817 541 scies
837 502 1058 540 nesciueris

99 567 188 606 Nec
206 567 356 605 uideris
375 567 484 616 quod
503 566 665 604 uideris.
723 567 788 605 SC.
819 567 932 605 Bene
950 568 1015 605 me
1034 579 1200 605 mones:

98 631 162 669 Ita
180 630 311 669 fzicere
330 636 531 669 certumst.
562 632 631 669 sed
653 632 755 669 satin
776 631 920 669 oratt'i’s
938 632 955 670 ?
1009 631 1079 669 PE.
1108 632 1199 669 Abi.

97 695 165 734 Sc.
208 695 415 745 Numquid
452 708 559 734 nunc
594 696 703 734 aliud
739 697 804 734 me
839 697 900 734 uis
918 697 935 734 Ρ
1006 696 1076 734 ΡΕ.
1116 696 1181 734 Ne
1217 709 1281 734 me
1295 714 1343 741 575

305 760 478 798 noueris.

95 824 164 863 Sc.
194 825 318 863 Dedit
337 824 404 863 hic
423 825 521 862 mihi
540 826 674 863 uerba.
730 824 850 875 quern
868 826 1045 875 benigne
1064 824 1232 874 gretiam

98 889 223 937 Fecit,
244 902 295 927 ne
315 890 435 927 iratus
454 890 572 927 esset.
629 891 713 928 scio
733 902 852 939 quam
872 890 955 927 rem
974 895 1111 938 gerat:

95 954 161 999 Vt,
182 954 298 992 miles
318 966 441 1003 quom
460 955 664 1004 extemplo
683 954 708 992 έι
726 955 813 992 foro
832 953 1022 992 adueniat
1040 955 1217 1002 domum,

96 1018 219 1056 Domi
239 1018 558 1068 conprehendar.
612 1018 693 1057 sina
711 1020 777 1057 hic
798 1024 838 1057 et
857 1019 1073 1057 Palaestrio

96 1082 166 1120 Me
186 1083 337 1121 habent
354 1084 562 1121 uenalem:
593 1085 701 1122 sensi
721 1090 761 1122 et
780 1085 860 1122 iam
879 1082 1029 1122 dudum
1050 1084 1148 1121 scio.
1293 1104 1342 1136 530

96 1147 325 1197 Numquam
362 1148 496 1186 hercle
532 1161 581 1187 ex
617 1150 694 1187 ista
728 1148 848 1190 nassa
883 1160 961 1198 ego
993 1148 1117 1186 hodie
1144 1147 1278 1186 escum

301 1218 449 1262 petam.

95 1275 201 1315 Nam
220 1277 299 1314 iam
319 1276 456 1326 aliquo
483 1278 685 1327 aufugiam
705 1284 772 1316 aut
790 1290 856 1316 me
883 1277 1097 1316 occultabo
1125 1278 1279 1327 aliquot

301 1341 400 1387 dies,

95 1405 202 1442 Dum
221 1405 297 1443 hae
317 1404 591 1445 consilescunt
609 1406 747 1445 turbae
766 1412 886 1458 atque
905 1408 987 1445 irae
1006 1407 1172 1445 leniunt.

94 1469 200 1507 Nam
219 1470 288 1507 uni
307 1471 467 1519 capitulo
485 1470 574 1521 plus
593 1472 720 1510 nimio
738 1472 866 1510 merui
884 1473 991 1509 mali.

91 1531 262 1584 [Verum
276 1539 422 1581 tamen,
440 1536 491 1573 de
506 1549 570 1574 me
583 1536 779 1587 quidquid
799 1542 870 1585 est,
885 1538 953 1574 ibo
968 1536 1065 1575 hinc
1077 1535 1278 1589 domum.]
1291 1554 1339 1586 585

135 1643 208 1677 574.
232 1640 300 1669 sed
314 1641 420 1669 satin
435 1638 582 1670 oratu's
597 1638 633 1669 A
643 1638 791 1680 (Gepp.),
801 1638 902 1671 Acid.
919 1649 927 1678 3
946 1639 1011 1670 and
1027 1639 1113 1670 soM
1125 1638 1207 1670 with
1221 1639 1278 1671 the

92 1691 231 1723 obvious
246 1702 352 1723 errors
368 1693 407 1724 of
417 1697 498 1723 esset
510 1693 561 1724 sor
574 1697 623 1724 est
634 1697 691 1732 set,
709 1704 746 1724 or
762 1694 818 1724 the
834 1694 993 1725 omission
1013 1694 1110 1725 osset
1122 1695 1206 1726 after
1218 1698 1276 1727 est.

93 1753 166 1788 577.
189 1750 267 1779 seio
291 1758 407 1784 quam
428 1749 521 1779 sodos
543 1759 645 1789 quam
662 1749 755 1789 (qua)
772 1749 854 1789 CD;
879 1760 906 1781 s.
926 1750 992 1780 cios
1005 1760 1073 1791 qua
1089 1749 1123 1791 (i.
1135 1760 1164 1782 e.
1180 1751 1280 1781 socios·

93 1813 161 1844 qua
183 1804 233 1844 R)
258 1804 318 1835 Ba.
459 1811 532 1845 579.
558 1807 842 1841 conprehendar
871 1805 908 1835 A
929 1805 1074 1846 (Gepp.),
1098 1805 1199 1836 Acid.
1225 1806 1274 1836 R.

92 1859 166 1900 581.
183 1869 301 1891 nassa
314 1860 377 1890 AZ
388 1860 523 1897 Festus3
540 1870 650 1891 massa
659 1864 737 1891 rest.
781 1870 908 1892 escam
923 1863 1052 1897 petam
1065 1859 1129 1891 ΑΖ
1139 1861 1169 1891 F
1170 1864 1276 1898 estus;

91 1919 240 1956 capetam
251 1916 344 1947 CDF
358 1928 365 1957 ;
383 1918 503 1957 capiar
514 1917 556 1949 B.
630 1916 705 1957 582.
722 1921 791 1949 aut
805 1918 876 1957 Bx;
894 1921 926 1948 et
938 1918 988 1955 M,
1002 1917 1110 1948 which
1124 1917 1278 1949 however

95 1971 185 2011 gives
199 1975 262 2002 aut
273 1971 385 2003 before
399 1974 537 2013 aliquot.
703 1972 774 2013 583.
789 1975 863 2004 hae
887 1973 938 2003 Bx
951 1972 1032 2004 with
1048 1973 1110 2004 CD
1124 1983 1133 2013 ;
1159 1973 1218 2004 hec
1231 1974 1273 2006 B.

94 2025 169 2067 584.
189 2037 279 2057 nam
296 2052 304 2059 .
324 2052 332 2059 .
352 2051 360 2058 .
379 2031 484 2059 mali.
527 2028 573 2059 So
590 2028 738 2069 Geppert
752 2028 847 2059 reads
862 2028 909 2066 A,
926 2028 1104 2070 supplying
1117 2029 1272 2069 capitulo,

93 2081 202 2112 which
216 2081 243 2112 is
258 2081 402 2121 illegible
413 2093 421 2122 3
432 2083 559 2122 populo
573 2084 675 2124 impio
689 2083 729 2114 M
741 2095 748 2123 ;
764 2083 868 2114 hence
877 2084 1000 2124 pz'pulo
1014 2084 1160 2124 improbo
1174 2084 1229 2122 R;
1245 2087 1278 2114 et

91 2137 171 2175 plus
186 2137 288 2167 nimio
302 2137 367 2168 ΡΖ.
472 2138 544 2178 585.
566 2138 677 2179 Justly
687 2139 894 2170 condemned
908 2139 954 2180 by
969 2139 1012 2171 Ο.
1030 2138 1198 2170 Ribbeck.

686 2206 710 2232 E
732 2208 751 2231 2
