1480 2366
149 181 198 218 70
495 178 537 216 Τ.
567 177 758 215 ΜΑΟΟῙ
775 177 887 214 PLA
902 176 995 213 VTI
1025 176 1095 213 ΠΙ
1118 179 1134 213 1
1161 176 1340 214 170-180

86 297 134 331 765
149 292 219 330 PA.
241 281 371 344 igitur
389 293 430 331 id
451 292 560 342 quod
579 291 722 341 Agitur,
745 291 839 329 huic
867 291 924 328 rei
944 289 1116 340 primum
1136 288 1339 339 praeuorti

355 358 485 396 decet.

148 422 267 461 Nfinc
287 423 366 461 hoc
396 424 575 461 animum
607 421 807 461 aduortite
837 422 972 460 ambo.
1027 420 1128 459 mihi
1149 432 1250 471 opus
1279 426 1340 460 est

356 487 480 538 operzi
499 494 578 530 tua.

149 554 479 604 Periplecomene
497 566 505 591 :
535 552 630 591 nim
649 565 728 603 ego
749 553 886 591 inueni
906 553 1083 603 lepidam
1113 551 1339 603 sycophdn-

355 620 466 664 tiam,

149 684 228 732 Qui
248 684 507 723 admutiletur
525 684 643 723 miles
662 697 786 735 usque
806 685 1058 733 caesariatus,
1080 684 1200 734 Atque
1219 684 1276 722 uti

149 749 260 788 Huic
312 751 462 788 amanti
508 763 556 789 ac
611 750 912 789 Philocomasio
958 750 1064 788 hanc
1109 750 1341 788 ecficiamus

356 815 530 865 copiam,

87 874 202 924 770Vt
231 884 299 923 hic
336 897 424 923 eam
461 883 635 923 abducat
671 885 910 935 habeatque.
968 885 1038 924 PE.
1077 884 1173 923 Dari
1210 885 1340 923 istanc

357 951 554 989 rationem
574 951 683 989 uolo.

89 1013 91 1016 ’
149 1021 220 1058 PA.
262 1007 315 1058 Ᾰῐ
353 1032 431 1069 ego
468 1021 523 1057 mi
566 1018 729 1057 anulfim
773 1019 857 1058 dari
901 1020 1032 1058 istunc
1074 1018 1186 1058 tuom
1228 1019 1337 1058 uolo.

358 1086 428 1123 PE.
459 1086 590 1133 Quam
609 1087 660 1124 ad
680 1099 763 1123 rem
782 1085 939 1124 fisuist?

150 1151 221 1189 PA.
252 1150 426 1199 Qudndo
455 1151 628 1197 habebo,
652 1151 772 1200 igitt‘lr
799 1152 995 1189 rationem
1024 1149 1201 1189 mearum
1221 1150 1341 1188 fabri·

358 1216 492 1255 carfim
512 1217 632 1255 dabo.

150 1285 220 1324 PE.
247 1272 382 1332 Vtere,
398 1286 552 1336 accipe.
609 1285 680 1323 PA.
701 1285 855 1335 Accipe
869 1296 892 1323 a
910 1296 976 1322 me
995 1283 1128 1323 rfisum
1143 1283 1339 1322 rationem

358 1353 455 1397 doli,

150 1417 281 1465 Quam
315 1417 456 1455 institi.
513 1418 583 1455 PE.
623 1415 894 1467 Perpfirigatis
931 1415 1071 1454 damus
1107 1416 1182 1454 tibi
1218 1415 1341 1454 ambo

358 1495 522 1533 operam
542 1482 714 1522 afiribus.

89 1571 137 1598 775
152 1554 224 1592 PA.
254 1541 356 1591 Erus
385 1564 497 1590 meus
518 1552 573 1590 ita
591 1551 762 1601 maignus
792 1550 986 1589 moechus
1016 1549 1275 1596 mfilierumst,
1297 1557 1341 1588 ut

358 1618 564 1656 neminem

196 1787 268 1829 765.
293 1790 384 1819 huie
399 1791 455 1819 rei
477 1788 548 1825 Bx;
573 1787 700 1827 hz‘cM3
723 1787 820 1818 huz'ce
833 1787 882 1820 R.
1077 1786 1150 1828 767.
1175 1790 1341 1824 lepidam

152 1844 247 1876 Cam.
262 1854 270 1883 ;
295 1844 403 1884 lepide?
415 1844 465 1875 M.
613 1843 684 1883 768.
709 1847 820 1875 miles
834 1853 957 1880 usque
973 1843 1066 1875 Cam.
1081 1854 1090 1881 3
1115 1844 1273 1885 milesque
1286 1844 1337 1876 M.

154 1899 226 1940 769.
251 1902 530 1931 Philocomasio
547 1899 668 1931 Gruter
680 1911 688 1937 ;
699 1900 978 1941 plzz'locomczsz'um
993 1900 1045 1931 M.
1135 1907 1207 1940 770.
1225 1903 1340 1932 habe·

152 1959 269 1992 atque
291 1956 448 1996 abeatque
465 1956 512 1996 (as
528 1955 632 1996 often)
648 1955 698 1987 M.
786 1959 870 1988 dari
891 1956 973 1986 dare
988 1956 1038 1987 M.
1129 1962 1200 1996 771.
1224 1967 1341 1993 quam

151 2015 201 2043 ad
215 2022 296 2043 rem
319 2011 413 2043 Cam.
430 2022 438 2049 3
464 2015 639 2053 quamatre
653 2012 712 2049 M;
737 2016 776 2043 at
788 2012 878 2043 often
894 2011 1008 2043 stands
1023 2011 1075 2043 for
1088 2011 1144 2053 ad,
1160 2012 1226 2043 and
1241 2022 1277 2043 re
1289 2013 1341 2044 for

150 2067 189 2098 νέ
201 2067 228 2098 is
245 2077 411 2098 common.
598 2074 670 2109 774·
695 2071 825 2100 institi.
841 2092 849 2100 .
870 2093 878 2101 .
898 2092 906 2100 .
923 2071 1083 2101 auribus
1105 2068 1182 2109 F1.;
1207 2068 1341 2100 institui

144 2124 368 2166 perpurgatis
381 2123 475 2154 ambo
490 2124 612 2155 damus
626 2124 689 2155 tz'bz'
700 2129 832 2166 operam
847 2124 898 2157 M.
