1480 2366
174 222 247 257 100
487 220 529 257 T.
559 220 642 257 MA
655 221 751 258 CCI
768 221 880 258 PLA
896 221 989 259 VTI
1077 222 1137 259 IV
1157 225 1179 259 2
1210 222 1364 260 96-107

170 324 338 375 Propter
356 339 467 375 quam
488 332 648 375 operast
668 326 781 363 mihi.
826 327 1022 376 numquid
1049 327 1143 365 uis?
1198 327 1268 365 ΡΥ.
1299 327 1365 366 Ne

377 390 507 440 magis
528 392 603 429 sim
624 392 764 441 pulcer
783 391 903 442 quam
925 405 1011 430 sum
1029 405 1038 430 ε

170 455 232 493 Ita
259 456 324 493 me
353 469 444 493 mea
472 457 601 494 forma
625 457 749 495 habet
775 457 1005 495 sollicitum.
1063 457 1134 495 PA.
1167 458 1273 505 Quid
1295 459 1367 497 hic

377 524 485 563 nunc
505 531 585 563 stas
603 525 621 563 Ρ
649 526 746 574 quin
766 526 853 563 abis
872 526 889 564 Ρ
944 526 1019 564 ΜΙ.
1049 516 1178 566 Abeo.

168 589 240 627 PA.
268 590 403 639 Atque
434 590 551 636 adeo,
590 591 745 629 audin?
784 591 910 629 dicito
949 592 1068 630 docte
1107 599 1146 630 et
1183 592 1361 631 cordate.

378 655 453 693 ΜΙ.
482 655 537 693 Vt
557 669 626 694 cor
646 657 682 694 ei
704 655 832 694 saliat.

169 720 240 758 PA.
272 721 572 759 Philocomasio
605 722 682 766 dic,
715 723 747 759 si
777 723 837 760 est
858 722 961 768 istic,
991 723 1155 761 domum
1183 729 1227 762 ut
1253 723 1360 762 tran-

377 793 486 825 seat:
519 787 626 825 hunc
647 787 714 825 hie
734 789 836 826 esse.

88 863 152 887 1090
167 852 243 890 M1.
275 852 358 891 Hic
389 852 479 890 cum
513 867 590 890 mea
621 859 748 891 erast:
779 854 883 892 clam
915 853 1095 892 nostrum
1134 854 1242 893 hunc
1272 855 1362 892 hinc

375 917 603 956 sermonem
625 919 896 968 sublegerunt.

95 1011 97 1014 Α
165 983 236 1020 PA.
267 983 422 1033 Lepide
442 984 657 1021 factumst:
687 985 767 1021 iam
788 997 836 1022 ex
852 985 1038 1023 sermone
1059 985 1138 1023 hoc
1158 985 1357 1034 guberna-

375 1049 475 1086 bunt
494 1049 652 1087 doctius
673 1049 805 1099 porro.

165 1112 241 1151 Mr.
272 1113 514 1151 Remorare:
544 1115 661 1152 abeo.
718 1114 788 1151 PA.
811 1114 956 1164 Neque
968 1116 1008 1153 te
1027 1128 1206 1154 remoror
1224 1128 1358 1166 neque

371 1180 411 1216 te
429 1185 525 1228 tago
545 1192 677 1229 neque
696 1179 920 1218 te—taceo.

164 1245 233 1282 ΡΥ.
265 1245 366 1282 Iube
403 1244 600 1283 maturare
637 1245 748 1282 illam
786 1246 894 1283 exire
932 1245 1036 1284 huc:
1076 1247 1155 1284 iam
1193 1246 1261 1284 isti
1298 1247 1354 1285 rei

371 1311 682 1360 praeuortemur.

163 1376 271 1423 Quid
292 1375 398 1414 nunc
418 1375 508 1413 mi's
528 1382 667 1414 auctor
685 1376 727 1413 1'1t
746 1377 904 1422 faciam,
928 1377 1158 1423 Palaestrio,

85 1453 147 1480 1095
163 1442 226 1479 De
243 1441 503 1479 concubina?
532 1441 626 1479 nam
646 1442 757 1479 nullo
780 1442 899 1491 pacto
920 1448 1056 1491 potest

164 1507 273 1544 Prius
297 1507 397 1544 haec
418 1507 459 1544 in
480 1507 592 1544 aedis
613 1508 750 1556 recipi,
774 1519 892 1556 quam
914 1507 1023 1544 illam
1043 1507 1260 1544 amiserim.

163 1572 233 1610 PA.
265 1572 373 1619 Quid
406 1572 470 1609 me
504 1573 720 1619 consultas,
757 1572 854 1622 quid
885 1573 1017 1621 agas?
1047 1573 1129 1610 dixi
1162 1573 1351 1622 equidem

369 1637 457 1683 tibi,

206 1776 298 1809 1086.
322 1787 438 1813 quam
460 1778 508 1809 R.
667 1776 759 1808 1088.
785 1780 904 1808 audin
926 1777 1034 1807 audin
1050 1780 1088 1806 tu
1103 1776 1153 1806 M.
1305 1781 1352 1809 ut

161 1844 224 1865 eor
240 1836 275 1864 ei
291 1836 409 1865 saliat.
433 1833 578 1871 CDFZ;
602 1843 703 1864 curas
717 1834 806 1863 aluit
820 1833 869 1870 133
893 1832 997 1863 hence
1012 1843 1096 1863 cura
1116 1833 1216 1863 aliud
1230 1832 1325 1864 Cam.
1339 1844 1348 1870 ς

160 1889 219 1920 but
237 1889 337 1919 aliud
350 1899 433 1919 cura
448 1889 475 1920 is
492 1889 549 1920 the
565 1888 745 1919 invariable
762 1888 867 1920 order.
1051 1887 1142 1928 1089.
1168 1891 1259 1919 istic
1274 1889 1349 1926 Bx;

161 1945 215 1975 hic
229 1945 279 1975 M.
383 1952 472 1984 1090.
499 1955 584 1976 mea
608 1944 738 1975 Gruter.
837 1946 927 1975 hino
949 1944 1081 1975 Mulier.
1184 1952 1275 1984 1092.
1291 1955 1348 1976 re·

161 2010 308 2032 morare
335 2023 343 2031 .
371 2023 379 2031 .
407 2023 415 2031 .
443 2011 610 2031 remoror
632 2000 689 2037 R;
713 2010 804 2030 moro
829 2000 880 2037 B;
905 2010 1031 2030 remoro
1061 1999 1141 2038 CD;
1167 1999 1210 2030 all
1236 2000 1349 2040 giving

160 2066 326 2087 remorare
341 2059 376 2087 to
392 2056 478 2094 Pal„
497 2057 562 2087 and
578 2057 654 2086 abeo
671 2081 678 2087 .
700 2081 708 2087 .
726 2080 733 2087 .
754 2079 762 2087 .
780 2066 905 2086 remora
921 2059 956 2086 to
972 2055 1095 2096 Milph.
1170 2066 1293 2092 neque
1308 2060 1348 2087 te

159 2117 251 2148 tago
274 2111 385 2143 Bothe
399 2123 406 2149 ;
431 2122 536 2154 neque
551 2116 583 2142 et
596 2122 659 2154 ago
674 2112 723 2149 B;
749 2122 853 2153 neque
869 2116 898 2142 te
913 2116 1013 2153 tango
1028 2111 1102 2143 CD.
1168 2119 1259 2153 1093.
1278 2115 1349 2143 isti

159 2169 232 2199 istic
247 2168 297 2200 M.
391 2167 483 2208 1096.
507 2170 703 2200 amiserim
728 2167 896 2208 Scaliger3
922 2168 1090 2198 obmiserz't
1102 2167 1153 2198 M.
