1480 2366
111 189 158 227 11
177 192 200 226 5
229 190 357 225 42-53
438 187 616 224 MJLES
648 186 975 225 GLORIOSVS.
1252 191 1302 226 43

110 292 148 330 N
149 294 252 343 eque
271 304 407 331 moror
425 304 558 342 neque
577 290 651 329 uos
669 291 759 329 duos
777 292 845 341 qui
865 290 1052 330 homines
1083 292 1182 337 sitis,
1205 293 1300 330 noui

316 359 449 407 neque
469 358 569 394 scio.

109 421 177 460 Sc.
208 421 319 471 Lege
338 423 471 471 agito3
500 427 540 459 te
559 420 756 471 nfisquam
786 421 955 466 mittam,
977 421 1056 459 nisi
1077 421 1148 459 das
1168 421 1301 460 firma-

281 513 286 516 ·
315 486 397 524 tam
417 486 551 531 fldem,

107 550 168 589 Te
187 549 279 597 hfic,
306 552 339 589 si
360 552 547 596 omisero,
569 550 675 589 intro
694 551 848 591 ituram.
908 550 984 588 PH.
1014 550 1066 588 Vi
1086 563 1152 588 me
1171 550 1298 600 cogis,

314 615 497 665 quisquis
516 627 573 653 es.

106 679 174 717 D6
208 680 344 725 fidem,
382 681 416 718 si
454 679 620 726 omittis,
659 679 738 718 isto
780 692 846 718 me
891 679 996 718 intro
1041 680 1183 718 ituram
1220 679 1300 730 quo
1315 696 1364 722 455

312 745 440 783 iubes.

105 812 173 851 Sc.
219 800 330 851 Ecce
382 812 539 850 omitto.
614 811 691 849 PH.
742 811 796 849 At
847 823 926 860 ego
977 810 1082 850 abeo
1133 812 1295 850 omissa.

315 876 382 915 Sc.
413 876 603 914 Mfiliebri
623 875 721 914 feeit
738 876 831 915 fide.

104 942 176 980 PA.
207 941 409 986 Sceledre,
430 955 447 978 e
469 941 656 979 manibus
675 940 846 979 amisisti
866 942 1082 992 praedam:
1112 947 1194 979 tam
1214 947 1300 980 east

311 1006 432 1056 quam
452 1007 560 1056 potis

103 1070 253 1110 Nostra
288 1072 397 1109 erilis
434 1071 674 1110 concubina.
729 1071 800 1110 uin
836 1076 879 1110 tu
915 1071 1048 1110 facere
1084 1071 1163 1110 hoc
1201 1072 1297 1110 stre-

310 1148 390 1174 nue
408 1136 426 1174 ?

105 1200 172 1239 Sc.
206 1200 315 1247 Quid
337 1200 515 1238 faciam?
570 1200 642 1238 PA.
670 1199 795 1238 cher
818 1201 920 1239 mihi
946 1201 1200 1239 machaeram
1220 1201 1297 1239 huc

311 1265 433 1303 intus.
490 1265 557 1303 Sc.
589 1265 698 1311 Quid
718 1265 843 1303 facies
863 1278 912 1303 ea
927 1266 945 1303 Ρ

101 1335 173 1373 ΡΑ.
204 1335 318 1373 Intro
338 1345 520 1382 rumpam
536 1334 645 1370 recta
658 1333 701 1371 in
720 1333 835 1371 aedis
851 1334 1084 1383 :quemque
1103 1333 1170 1372 hic
1190 1334 1297 1372 intus
1311 1348 1362 1381 460

308 1398 451 1436 uidero

101 1464 204 1502 Cfim
224 1462 525 1502 Philocomasio
546 1461 812 1508 osculantem,
834 1475 926 1501 eum
946 1475 1025 1512 ego
1045 1462 1297 1502 &btruncabo

181 1580 185 1584 .
309 1527 556 1576 extempulo.

101 1595 164 1633 Sc.
193 1594 321 1633 Visan
353 1600 415 1632 est
447 1606 495 1632 ea
526 1593 650 1631 esse?
719 1594 790 1632 PA.
820 1593 953 1632 Immo
991 1594 1138 1644 edepol
1175 1593 1296 1644 plane

307 1664 406 1697 east.
463 1658 531 1696 Sc.
562 1657 642 1696 Sed
662 1658 743 1708 quo
763 1659 887 1696 modo

100 1727 404 1766 Dissimulabat.
479 1726 550 1763 PA.
596 1716 687 1773 Abi,
735 1726 990 1764 machaeram
1042 1726 1121 1764 huc
1173 1726 1292 1765 ecfer.

308 1792 375 1830 Sc.
406 1791 492 1829 Iam
512 1792 605 1830 faxo
624 1791 692 1830 hic
713 1792 799 1829 erit.

139 1953 215 1987 452.
239 1949 336 1979 duos
351 1946 461 1978 added
486 1947 532 1989 by
554 1947 699 1988 Mallem
727 1947 767 1979 R
786 1947 871 1978 after
889 1946 999 1988 Guyet
1014 1946 1110 1978 reads
1135 1948 1200 1987 qui
1221 1946 1295 1977 sitis

106 2001 264 2033 homines.
338 2002 412 2043 456.
441 2006 585 2035 omissa.
613 2002 692 2043 Fl.;
717 2003 820 2034 missa
844 2003 894 2034 M.
942 2005 1035 2034 fecit
1056 2003 1114 2041 R;
1129 2003 1206 2044 feci
1229 2000 1295 2032 and

89 2057 210 2098 fecisti
229 2057 268 2087 M
283 2068 291 2096 ;
308 2057 407 2099 sexti
432 2058 544 2089 Bentl.
686 2064 760 2099 457.
785 2062 870 2090 east
887 2068 1003 2094 quam
1024 2068 1062 2088 ea
1076 2059 1226 2098 sz'queam
1242 2057 1293 2088 M.

96 2122 118 2142 ’ξ
139 2111 193 2143 Fl.
323 2112 396 2153 461.
420 2116 642 2150 extempulo
664 2112 784 2151 Cam.;
806 2114 967 2154 extemplo
980 2113 1032 2144 M.
