1480 2366
89 195 148 233 IV
167 198 190 232 2
219 197 346 232 24-32
392 193 569 230 MILES
602 191 931 230 GLORIOSVS.
1232 193 1281 228 93

90 300 166 337 M1.
187 299 291 337 Tum
307 298 375 348 pol
393 310 469 347 ego
486 298 539 342 id,
558 297 667 346 quod
681 296 782 342 celo,
801 295 907 334 ha1'1d
923 296 1026 334 celo.
1059 295 1128 333 PA.
1149 295 1280 333 Immo

297 364 441 402 etiam:
473 363 543 401 sed
563 374 646 400 non
666 363 786 400 celas.

90 429 167 467 M1.
198 429 289 476 Quo
310 426 580 477 argfimento?
635 427 705 464 PA.
737 426 892 465 Infidos
922 426 1055 464 celas:
1088 438 1165 475 ego
1195 425 1279 464 stim
1297 439 1360 466 101⁵

298 494 371 531 tibi
391 494 504 531 firme
523 492 643 530 fidus.

91 561 166 598 M1.
185 560 300 599 Cedo
320 560 493 609 signum,
513 560 544 596 si
558 559 697 596 harum
718 557 968 597 Baccharum
984 570 1040 597 es.
1071 559 1142 596 PA.
1163 558 1282 596 Amat

298 625 442 663 mfilier
461 625 658 675 quaedam
680 625 896 674 quendam.

90 691 167 729 M1.
198 691 269 728 Pol
290 690 392 728 istfic
421 690 584 740 quidem
616 690 777 727 multae.
835 689 906 727 PA.
936 689 988 726 At
1017 688 1100 727 non
1133 689 1281 726 multae

300 756 350 793 de
371 755 502 805 digito
523 756 675 794 donum
695 755 872 793 mittunt.

90 821 167 859 M1.
197 821 319 859 Enim
348 820 524 869 Cognoui
553 833 686 859 nune:
717 821 848 859 fecisti
876 820 1000 859 modo
1028 821 1083 858 mi
1113 821 1162 858 ex
1190 833 1281 870 pro-

297 888 403 925 cliuo
419 886 595 936 planum.

91 953 171 992 Sed
205 953 272 991 hie
304 952 492 1002 m'quuis
525 951 671 991 adest?
726 953 798 990 PA.
836 953 912 990 Vel
943 953 1057 990 adest
1086 953 1151 990 uel
1184 964 1279 990 non.

300 1017 375 1055 M1.
408 1018 521 1056 Cedo
542 1019 581 1055 te
602 1018 701 1056 mihi
718 1019 828 1056 solae
849 1018 992 1055 solum.
1224 1047 1235 1049 -

92 1084 162 1121 PA.
203 1083 352 1121 Breuin
389 1082 440 1121 an
478 1084 704 1132 longinquo
743 1083 952 1120 sermoni?
1018 1082 1092 1120 M1.
1135 1082 1282 1121 Tribus
1299 1109 1363 1126 1020

300 1149 447 1186 uerbis.
504 1148 576 1186 PA.
607 1148 694 1186 Iam
714 1149 764 1185 ad
785 1153 824 1186 te
845 1148 980 1186 redeo.

92 1214 162 1252 Pv.
193 1213 301 1261 Quid
322 1213 434 1263 ego?
463 1213 531 1251 hie
558 1212 700 1251 astabo
725 1212 923 1263 tantisper
949 1226 1039 1252 cum
1060 1214 1136 1251 hac
1156 1213 1283 1251 forma

302 1284 341 1317 et
360 1279 477 1316 factis
496 1277 670 1316 frfistra?

93 1344 165 1381 PA.
196 1343 336 1382 Patere
373 1343 494 1393 atque
530 1349 638 1381 asta:
667 1344 741 1381 tibi
772 1356 851 1393 ego
884 1343 989 1382 hanc
1020 1345 1072 1382 do
1104 1357 1280 1394 operam.

301 1409 371 1447 ΡΥ.
403 1409 602 1459 Propera:
631 1408 852 1459 §xpectando
872 1409 1088 1448 excrficior.

138 1582 229 1615 1014.
253 1577 321 1606 sed
335 1584 413 1605 non
429 1577 531 1606 celas
553 1575 613 1614 M;
640 1574 692 1605 Bx
717 1574 753 1605 in
771 1573 824 1605 his
845 1574 898 1605 ed.
925 1573 1021 1605 reads
1044 1575 1089 1605 sic
1111 1584 1177 1605 non
1199 1575 1285 1605 celas

92 1629 173 1660 with
188 1630 225 1661 R
237 1641 245 1669 ;
270 1630 330 1660 but
341 1640 417 1660 now
426 1629 469 1661 he
481 1630 619 1661 defends
630 1630 686 1661 the
697 1630 834 1671 reading
843 1630 882 1661 of
893 1631 932 1661 M
943 1630 1125 1671 (Bursian’s
1140 1631 1282 1672 Jahres-

92 1686 217 1716 bericht
251 1686 302 1716 sor
342 1685 446 1727 1878).
508 1686 620 1717 Luchs
651 1696 810 1728 proposes
848 1690 880 1716 et
914 1686 1000 1716 celas
1031 1690 1063 1716 et
1098 1696 1164 1716 non
1200 1687 1285 1717 celas

92 1742 223 1783 (Herm.
236 1741 303 1773 xiii.
322 1741 410 1782 501),
427 1740 535 1772 which
552 1741 593 1772 he
609 1741 717 1782 might
736 1752 890 1783 compare
906 1745 941 1772 to
956 1745 988 1772 et
1001 1745 1109 1782 nupta
1124 1746 1157 1773 et
1176 1743 1284 1773 uidua

92 1798 166 1839 965.
317 1804 409 1838 1015.
435 1801 543 1830 firme
559 1801 660 1830 fidus
683 1799 740 1838 R;
756 1799 868 1840 firma
875 1799 967 1840 fides
981 1799 1010 1829 B
1025 1810 1032 1836 ;
1048 1799 1160 1840 firma
1166 1799 1285 1840 fidelis

93 1854 156 1885 CD
169 1864 177 1893 ;
191 1853 299 1895 firme
304 1854 436 1894 firmus
451 1855 581 1895 Bugge.
787 1854 878 1885 1016.
904 1857 1042 1886 harum
1064 1855 1116 1885 Bx
1127 1865 1135 1892 ;
1153 1855 1286 1885 harunc

93 1910 144 1941 M.
237 1909 330 1942 1018.
357 1913 516 1947 planum
533 1909 736 1947 Gulielmus3
754 1914 890 1951 patrem
906 1910 956 1941 M.
1051 1918 1142 1950 1019.
1161 1913 1285 1942 solum

92 1965 199 1996 solum
215 1975 281 1996 esse
294 1966 345 1996 M.
406 1974 497 1997 1020.
523 1969 690 1997 sermoni
711 1966 768 2003 R;
791 1976 938 1996 sermone
952 1966 1003 1997 M.
1076 1973 1166 1997 1021.
1185 1969 1284 1998 frus-

92 2025 155 2054 tra.
178 2022 247 2059 Bx;
271 2023 318 2053 sit
328 2023 472 2064 srustrzi
494 2024 542 2062 B;
565 2023 599 2053 si
609 2023 658 2054 sic
662 2022 841 2065 frustram
864 2022 948 2062 CD;
971 2023 1018 2053 sic
1031 2023 1174 2065 frustra
1195 2023 1283 2063 vulg.

97 2085 189 2109 1022.
230 2081 465 2114 expectando
507 2078 565 2117 R;
597 2078 811 2120 properando
845 2078 909 2119 M;
940 2079 1170 2120 properadum
1206 2078 1284 2110 Col-

92 2143 175 2165 vnxs.
