1480 2366
105 214 151 252 II
172 218 196 252 2
230 218 408 253 102-114
444 214 623 253 MILES
654 214 983 253 GLORIOSVS.
1248 218 1295 252 25

105 317 159 367 ‘Vt
190 333 327 366 teneat
357 327 530 366 consilia
557 333 706 373 nostra,
738 340 859 377 quem
887 327 937 366 Ad
966 328 1132 366 modum
1163 326 1296 365 exorsi

312 405 460 437 sumus,

106 458 169 496 De
189 458 353 507 gemina
372 456 522 495 sorore.
579 457 649 494 PE.
680 457 813 495 Docte
833 458 907 495 tibi
930 458 1039 495 illam
1060 456 1297 507 perdoctdm

315 523 434 560 dabo.

107 589 313 640 Nfimquid
347 590 491 628 aliud?
546 590 618 629 PA.
649 577 762 629 intro
799 596 842 628 ut
872 591 1006 628 abeas.
1067 591 1138 629 PE.
1168 578 1297 629 Abeo.

314 656 385 694 PA.
416 656 469 693 Et
489 657 654 705 quidem
676 669 754 705 ego
775 657 843 694 ibo
865 658 1030 694 domum

105 715 237 776 Atque
264 725 472 762 hominem
493 725 778 774 inuestigando
808 737 971 774 operam
992 725 1085 763 huic
1112 725 1299 763 dissimu-
1310 740 1359 765 260

314 790 489 827 labiliter
509 790 629 835 dabo,

107 854 187 902 Qus
206 855 325 892 fuerit
344 855 576 900 conserUOS,
599 856 667 904 qui
688 854 811 892 hodie
833 854 884 892 sit
905 861 1079 893 sectatus
1100 855 1271 893 simiam.

108 920 212 958 Nam
232 919 301 957 ille
321 931 403 956 non
425 920 557 968 potuit
570 920 668 968 quin
689 932 876 958 sermone
896 933 968 958 suo
989 920 1165 970 aliquem
1185 921 1299 959 fami-

315 984 471 1022 lizirium

106 1036 412 1100 Pzirticipauerit
432 1051 482 1088 de
502 1051 632 1087 amica
651 1050 750 1096 erili,
774 1062 817 1088 se
836 1051 988 1089 uidisse
1009 1064 1097 1089 earn

109 1116 252 1154 Hicin
273 1128 469 1165 proxumo
498 1116 747 1154 osculantem
777 1129 867 1153 cum
896 1116 1030 1154 e‘tlieno
1059 1117 1298 1155 adulescen-

314 1181 411 1226 tulo,

110 1247 216 1285 Noui
247 1260 402 1285 morem
436 1248 624 1297 egomet:
658 1250 817 1285 ‘tacere
851 1247 1011 1297 nequeo
1045 1249 1154 1286 solus
1187 1249 1297 1298 quod
1311 1257 1359 1289 265

315 1312 427 1350 scio.’

108 1376 150 1414 Si
187 1376 353 1415 inuenio
391 1378 459 1427 qui
496 1377 610 1422 uidit,
651 1378 702 1415 ad
735 1390 826 1415 eum
863 1378 1024 1416 uineam
1059 1378 1298 1429 pluteosque

315 1454 446 1490 agam.

112 1507 190 1544 Res
223 1513 418 1556 paratast:
449 1507 490 1545 uf
527 1507 830 1557 pugnandoque
867 1508 1075 1547 hominem
1114 1515 1298 1559 caperest

315 1573 423 1610 certa
441 1584 517 1610 res.

109 1636 150 1674 Si
171 1635 226 1674 fta
245 1649 328 1674 non
348 1639 518 1687 reperio,
538 1636 606 1675 ibo
627 1638 802 1676 odorans
824 1637 937 1688 quaisi
959 1640 1070 1677 canis
1089 1639 1298 1678 uene'tticus

111 1691 245 1752 Vsque
265 1704 397 1741 donec
417 1704 650 1753 persecutus
669 1704 834 1753 uolpem
854 1718 923 1743 ero
943 1706 1140 1754 uestigiis.

151 1826 224 1859 259.
248 1823 365 1851 abeas
382 1842 390 1850 .
410 1843 418 1851 .
438 1842 446 1850 .
463 1823 557 1851 abeo
580 1820 722 1852 habeas.
736 1845 744 1852 .
756 1843 764 1852 .
778 1821 879 1852 habeo
892 1824 924 1862 (a
935 1831 1013 1863 very
1022 1832 1178 1853 common
1194 1824 1294 1864 error)

109 1873 159 1904 M.
233 1874 305 1906 260.
329 1877 522 1907 hominem
538 1876 588 1913 M,
605 1875 751 1917 right1y;
774 1877 906 1908 homini
918 1878 966 1909 R.
1035 1881 1181 1911 dissim.
1199 1882 1298 1910 dabo

109 1929 145 1960 A
174 1930 323 1972 (Stud.);
355 1932 603 1963 dissimulando
624 1933 685 1971 M;
711 1933 841 1964 Lorenz
864 1934 930 1965 had
962 1934 1173 1975 conjectured
1199 1936 1293 1967 dabo.

111 1985 182 2017 261.
208 1989 262 2017 sit
283 1986 411 2025 Bothe;
433 1988 496 2018 siet
509 1988 559 2019 M.
629 1987 701 2019 262.
726 1992 821 2025 quin
844 1990 898 2026 A;
923 1991 986 2031 qui
998 1991 1049 2022 M.
1120 1990 1192 2031 263.
1212 1995 1299 2023 erili

110 2051 151 2073 se
179 2045 325 2074 uidisse
365 2043 487 2081 Koch;
521 2052 822 2076 ERISESEVIDISSE
850 2047 906 2085 A;
940 2057 974 2077 se
1003 2048 1128 2079 uidisse
1156 2049 1205 2088 B;
1240 2051 1303 2090 qui

108 2098 245 2127 vidisset
258 2098 284 2129 C
298 2098 342 2129 D.
506 2099 578 2140 265.
602 2104 752 2137 egomet
774 2101 830 2139 A;
853 2111 910 2143 ego
924 2106 956 2132 et
968 2107 1046 2134 rest.
1193 2108 1299 2136 solus

111 2156 211 2189 quod.
232 2153 287 2192 A;
314 2163 380 2185 om.
408 2155 498 2195 quod
522 2156 573 2186 M.
747 2156 820 2188 266.
845 2160 1001 2189 uineam
1023 2159 1076 2196 A;
1102 2159 1219 2190 uineas
1245 2160 1295 2191 M.
