1465 2361
461 611 753 660 ACTVS
815 611 857 658 Ι.

69 753 441 782 PYRGOPOLINICES
457 743 565 792 (CVM
587 742 919 792 SATELLITIBVS).
953 752 1253 781 ARTOTROGvs.

67 861 136 899 ΡΥ.
168 860 313 899 Curate
332 866 375 898 ut
395 861 588 910 splendor
605 860 697 898 meo
718 860 769 898 sit
788 860 933 910 clupeo
953 857 1109 905 clarior,
1268 870 1289 898 1
1314 870 1328 899 1

66 927 196 974 Quam
219 928 316 965 solis
337 928 437 965 radii
458 939 546 965 esse
566 927 663 965 olim
684 939 807 976 quom
827 925 1008 965 sudfimst
1027 927 1186 965 solent:

64 992 129 1037 Vt,
151 994 219 1030 ubi
239 991 332 1030 fisus
351 993 500 1037 ueniat,
523 991 663 1029 contra
682 990 869 1029 conserta
887 1004 1008 1029 manu

66 1058 334 1107 praestringat
354 1058 562 1095 oculorum
581 1056 710 1094 aciem
731 1057 772 1093 in
792 1057 909 1094 aeied
925 1056 1123 1094 hostibus.

64 1123 169 1160 Nam
190 1135 268 1172 ego
289 1122 393 1160 hanc
412 1122 666 1160 machaeram
686 1121 786 1159 mihi
807 1121 1010 1159 consolari
1029 1123 1138 1168 uolo,
1268 1140 1284 1166 5

64 1187 128 1225 Ne
147 1187 388 1225 lamentetur
406 1188 509 1225 neue
528 1188 706 1224 animum
727 1185 992 1235 despondeat,

63 1251 170 1299 Quia
188 1254 230 1290 se
251 1253 330 1290 iam
351 1252 508 1301 pridem
529 1252 710 1289 feriatam
731 1252 931 1300 gestitem,

62 1316 177 1363 Quae
196 1316 343 1354 misera
362 1318 483 1365 gestit
502 1316 646 1354 fartum
666 1317 797 1354 facere
818 1329 866 1354 ex
887 1315 1083 1353 hostibus.

62 1381 141 1419 Sed
161 1382 229 1419 ubi
249 1371 487 1431 Artotrogus
508 1381 575 1419 hic
595 1387 656 1419 est
673 1381 689 1419 ?
729 1381 808 1418 AR.
840 1381 926 1418 Stat
945 1381 1109 1431 propter
1127 1381 1250 1419 virum

62 1445 222 1484 Fortem
243 1446 364 1496 atque
384 1445 628 1484 fortunatum
649 1451 688 1484 et
708 1446 836 1484 forma
854 1446 976 1495 regia.
1271 1462 1298 1479 ιο

106 1569 133 1594 1.
156 1565 290 1599 clupeo
312 1563 403 1593 dibeo
418 1562 468 1601 (ῖς
493 1562 560 1594 this
574 1563 602 1594 is
625 1572 644 1593 a
664 1572 821 1593 common
844 1573 951 1594 error:
977 1573 1026 1594 we
1042 1562 1125 1594 have
1140 1564 1250 1594 dicen-

59 1621 129 1648 tam
145 1617 196 1649 sor
210 1619 360 1649 clientem
374 1619 408 1650 in
426 1626 497 1659 759,
516 1619 581 1650 and
597 1619 782 1649 clanculum
798 1618 848 1649 sor
859 1619 1051 1649 clanculum
1067 1619 1101 1650 in
1116 1627 1194 1660 934;
1213 1629 1250 1651 so

59 1672 130 1704 also
144 1673 178 1704 in
193 1674 374 1713 Pleusicles,
392 1674 449 1706 the
472 1685 626 1706 common
642 1675 702 1705 but
717 1684 893 1705 erroneous
909 1675 993 1705 form
1017 1675 1056 1706 of
1074 1674 1131 1706 the
1153 1685 1249 1707 name

60 1729 244 1761 Pleusicles.
367 1739 399 1770 4.
424 1734 545 1763 aciem
561 1734 602 1762 in
618 1733 726 1762 acied.
756 1729 937 1767 Bfiehelen
962 1731 1062 1761 atz'em
1078 1732 1114 1761 z'n
1129 1732 1195 1761 atie
1210 1731 1250 1762 M

60 1785 127 1824 (see
151 1794 195 1815 on
224 1787 316 1826 1oo);
331 1786 484 1828 fostibus
505 1786 621 1825 Koch,
652 1786 729 1817 who
753 1786 787 1816 in
818 1785 878 1826 692
903 1785 997 1816 reads
1018 1786 1175 1828 sarz'olus
1200 1786 1252 1817 for

59 1839 211 1871 hariolus
221 1851 236 1878 ‚·
260 1841 325 1872 and
341 1841 375 1872 in
390 1842 487 1873 Truc.
505 1841 525 1872 i.
544 1850 573 1873 2.
592 1841 644 1879 68,
654 1842 787 1884 sostz'lis
804 1841 855 1872 for
879 1841 1030 1881 lzostz'lz's3
1055 1842 1158 1872 aciem
1178 1842 1254 1872 acri

58 1895 97 1925 in
122 1896 190 1926 acie
211 1896 360 1927 hostibus
384 1897 431 1929 R.
539 1896 569 1929 8.
594 1900 739 1928 fartum
761 1897 913 1928 Muretus
943 1896 1025 1928 with
1052 1896 1109 1928 the
1141 1896 1249 1928 “libri

58 1950 214 1981 veteres''
234 1951 273 1982 of
294 1952 496 1991 Lambinus;
515 1953 649 1995 fratem
665 1952 731 1991 Ca;
746 1953 898 1995 fratrem
922 1956 988 1984 rest
1001 1963 1010 1990 ς
1034 1957 1182 1994 stragem
1205 1952 1248 1983 au

58 2009 170 2037 recent
185 2006 329 2038 German
352 2008 497 2045 editors;
522 2017 566 2039 on
587 2007 643 2038 the
663 2007 830 2049 authority
845 2008 883 2039 os
895 2007 951 2039 the
975 2007 1075 2048 gloss,
1102 2011 1249 2049 ‘strages

59 2062 160 2102 σωρὸς
186 2061 324 2103 νεκρῶν,’
347 2062 520 2094 Glossaria
553 2063 676 2104 Vetera,
692 2073 725 2105 p.
747 2063 828 2103 166;
859 2064 932 2104 326,
961 2064 1011 2096 ed.
1031 2064 1139 2095 Lond.
1156 2073 1169 2095 .·
1192 2073 1247 2095 see

58 2115 191 2148 Comm.
